price|quantity|type|timestamp
94800000|0.0195|0|2024-04-21 23:37:04
94799000|0.0084|0|2024-04-21 23:37:04
94776000|0.0002|0|2024-04-21 23:37:04
94770000|0.1716|0|2024-04-21 23:37:04
94769000|0.0257|0|2024-04-21 23:37:04
94805000|0.0127|1|2024-04-21 23:37:04
94826000|0.332|1|2024-04-21 23:37:04
94827000|0.2263|1|2024-04-21 23:37:04
94835000|0.2703|1|2024-04-21 23:37:04
94839000|0.102|1|2024-04-21 23:37:04
94800000|0.0195|0|2024-04-21 23:37:04
94799000|0.0084|0|2024-04-21 23:37:04
94776000|0.0002|0|2024-04-21 23:37:04
94770000|0.1716|0|2024-04-21 23:37:04
94769000|0.0257|0|2024-04-21 23:37:04
94805000|0.0127|1|2024-04-21 23:37:04
94826000|0.332|1|2024-04-21 23:37:04
94827000|0.2263|1|2024-04-21 23:37:04
94835000|0.2703|1|2024-04-21 23:37:04
94839000|0.102|1|2024-04-21 23:37:04
94800000|0.018|0|2024-04-21 23:37:09
94799000|0.0084|0|2024-04-21 23:37:09
94788000|0.0005|0|2024-04-21 23:37:09
94776000|0.0002|0|2024-04-21 23:37:09
94770000|0.1714|0|2024-04-21 23:37:09
94805000|0.0127|1|2024-04-21 23:37:09
94826000|0.332|1|2024-04-21 23:37:09
94827000|0.2263|1|2024-04-21 23:37:09
94835000|0.2703|1|2024-04-21 23:37:09
94839000|0.102|1|2024-04-21 23:37:09
94798000|0.0084|0|2024-04-21 23:37:14
94788000|0.0005|0|2024-04-21 23:37:14
94776000|0.0002|0|2024-04-21 23:37:14
94770000|0.1714|0|2024-04-21 23:37:14
94769000|0.0259|0|2024-04-21 23:37:14
94800000|0.034|1|2024-04-21 23:37:14
94805000|0.0019|1|2024-04-21 23:37:14
94826000|0.332|1|2024-04-21 23:37:14
94827000|0.266|1|2024-04-21 23:37:14
94829000|0.0377|1|2024-04-21 23:37:14
94798000|0.0084|0|2024-04-21 23:37:19
94788000|0.0005|0|2024-04-21 23:37:19
94776000|0.0002|0|2024-04-21 23:37:19
94770000|0.1714|0|2024-04-21 23:37:19
94769000|0.0259|0|2024-04-21 23:37:19
94800000|0.0343|1|2024-04-21 23:37:19
94805000|0.0019|1|2024-04-21 23:37:19
94823000|0.0397|1|2024-04-21 23:37:19
94825000|0.0377|1|2024-04-21 23:37:19
94826000|0.332|1|2024-04-21 23:37:19
94797000|0.0084|0|2024-04-21 23:37:24
94788000|0.0005|0|2024-04-21 23:37:24
94776000|0.0002|0|2024-04-21 23:37:24
94770000|0.1714|0|2024-04-21 23:37:24
94769000|0.0257|0|2024-04-21 23:37:24
94799000|0.0003|1|2024-04-21 23:37:24
94800000|0.034|1|2024-04-21 23:37:24
94804000|0.0397|1|2024-04-21 23:37:24
94805000|0.0019|1|2024-04-21 23:37:24
94806000|0.0377|1|2024-04-21 23:37:24
94776000|0.0002|0|2024-04-21 23:37:29
94770000|0.1714|0|2024-04-21 23:37:29
94769000|0.0257|0|2024-04-21 23:37:29
94767000|0.0002|0|2024-04-21 23:37:29
94765000|0.0013|0|2024-04-21 23:37:29
94788000|0.3715|1|2024-04-21 23:37:29
94790000|0.0377|1|2024-04-21 23:37:29
94799000|0.028|1|2024-04-21 23:37:29
94800000|0.034|1|2024-04-21 23:37:29
94805000|0.0019|1|2024-04-21 23:37:29
94770000|0.1703|0|2024-04-21 23:37:34
94769000|0.0257|0|2024-04-21 23:37:34
94767000|0.0002|0|2024-04-21 23:37:34
94765000|0.0013|0|2024-04-21 23:37:34
94751000|0.0017|0|2024-04-21 23:37:34
94788000|0.3323|1|2024-04-21 23:37:34
94794000|0.0392|1|2024-04-21 23:37:34
94795000|0.0377|1|2024-04-21 23:37:34
94800000|0.034|1|2024-04-21 23:37:34
94804000|0.028|1|2024-04-21 23:37:34
94770000|0.1703|0|2024-04-21 23:37:39
94769000|0.0257|0|2024-04-21 23:37:39
94767000|0.0002|0|2024-04-21 23:37:39
94765000|0.0013|0|2024-04-21 23:37:39
94751000|0.0017|0|2024-04-21 23:37:39
94788000|0.3325|1|2024-04-21 23:37:39
94794000|0.0392|1|2024-04-21 23:37:39
94795000|0.0377|1|2024-04-21 23:37:39
94800000|0.034|1|2024-04-21 23:37:39
94804000|0.028|1|2024-04-21 23:37:39
94770000|0.1703|0|2024-04-21 23:37:44
94769000|0.0257|0|2024-04-21 23:37:44
94767000|0.0002|0|2024-04-21 23:37:44
94765000|0.0013|0|2024-04-21 23:37:44
94751000|0.0017|0|2024-04-21 23:37:44
94788000|0.3325|1|2024-04-21 23:37:44
94794000|0.0392|1|2024-04-21 23:37:44
94795000|0.0377|1|2024-04-21 23:37:44
94800000|0.034|1|2024-04-21 23:37:44
94804000|0.028|1|2024-04-21 23:37:44
94771000|0.0544|0|2024-04-21 23:37:49
94770000|0.1703|0|2024-04-21 23:37:49
94769000|0.0257|0|2024-04-21 23:37:49
94767000|0.0002|0|2024-04-21 23:37:49
94765000|0.0013|0|2024-04-21 23:37:49
94788000|0.0005|1|2024-04-21 23:37:49
94800000|0.034|1|2024-04-21 23:37:49
94805000|0.0019|1|2024-04-21 23:37:49
94810000|0.0084|1|2024-04-21 23:37:49
94813000|0.0392|1|2024-04-21 23:37:49
94770000|0.1705|0|2024-04-21 23:37:54
94769000|0.0257|0|2024-04-21 23:37:54
94767000|0.0002|0|2024-04-21 23:37:54
94765000|0.0013|0|2024-04-21 23:37:54
94754000|0.1027|0|2024-04-21 23:37:54
94788000|0.0005|1|2024-04-21 23:37:54
94800000|0.366|1|2024-04-21 23:37:54
94805000|0.0019|1|2024-04-21 23:37:54
94810000|0.0084|1|2024-04-21 23:37:54
94813000|0.0392|1|2024-04-21 23:37:54
94770000|0.1706|0|2024-04-21 23:37:59
94769000|0.0257|0|2024-04-21 23:37:59
94767000|0.0002|0|2024-04-21 23:37:59
94765000|0.0013|0|2024-04-21 23:37:59
94754000|0.1027|0|2024-04-21 23:37:59
94788000|0.0005|1|2024-04-21 23:37:59
94800000|0.3701|1|2024-04-21 23:37:59
94805000|0.0019|1|2024-04-21 23:37:59
94820000|0.0392|1|2024-04-21 23:37:59
94822000|0.0377|1|2024-04-21 23:37:59
94770000|0.1706|0|2024-04-21 23:38:04
94769000|0.0257|0|2024-04-21 23:38:04
94767000|0.0002|0|2024-04-21 23:38:04
94765000|0.0013|0|2024-04-21 23:38:04
94754000|0.1027|0|2024-04-21 23:38:04
94788000|0.0004|1|2024-04-21 23:38:04
94800000|0.3701|1|2024-04-21 23:38:04
94805000|0.0019|1|2024-04-21 23:38:04
94807000|0.0084|1|2024-04-21 23:38:04
94820000|0.0392|1|2024-04-21 23:38:04
94777000|0.0001|0|2024-04-21 23:38:09
94770000|0.1912|0|2024-04-21 23:38:09
94769000|0.0259|0|2024-04-21 23:38:09
94767000|0.0002|0|2024-04-21 23:38:09
94765000|0.0013|0|2024-04-21 23:38:09
94788000|0.0004|1|2024-04-21 23:38:09
94800000|0.3701|1|2024-04-21 23:38:09
94805000|0.0019|1|2024-04-21 23:38:09
94807000|0.0084|1|2024-04-21 23:38:09
94817000|0.0392|1|2024-04-21 23:38:09
94777000|0.0235|0|2024-04-21 23:38:14
94770000|0.1912|0|2024-04-21 23:38:14
94769000|0.0259|0|2024-04-21 23:38:14
94767000|0.0002|0|2024-04-21 23:38:14
94765000|0.0013|0|2024-04-21 23:38:14
94800000|0.3505|1|2024-04-21 23:38:14
94805000|0.0019|1|2024-04-21 23:38:14
94806000|0.0084|1|2024-04-21 23:38:14
94812000|0.0392|1|2024-04-21 23:38:14
94814000|0.0377|1|2024-04-21 23:38:14
94777000|0.0235|0|2024-04-21 23:38:19
94770000|0.1912|0|2024-04-21 23:38:19
94769000|0.0259|0|2024-04-21 23:38:19
94767000|0.0002|0|2024-04-21 23:38:19
94765000|0.0013|0|2024-04-21 23:38:19
94800000|0.3422|1|2024-04-21 23:38:19
94805000|0.0019|1|2024-04-21 23:38:19
94806000|0.0084|1|2024-04-21 23:38:19
94812000|0.0392|1|2024-04-21 23:38:19
94814000|0.0377|1|2024-04-21 23:38:19
94777000|0.0003|0|2024-04-21 23:38:24
94770000|0.1912|0|2024-04-21 23:38:24
94769000|0.0259|0|2024-04-21 23:38:24
94767000|0.0002|0|2024-04-21 23:38:24
94765000|0.0013|0|2024-04-21 23:38:24
94800000|0.3372|1|2024-04-21 23:38:24
94805000|0.0019|1|2024-04-21 23:38:24
94806000|0.0084|1|2024-04-21 23:38:24
94812000|0.0392|1|2024-04-21 23:38:24
94814000|0.0377|1|2024-04-21 23:38:24
94777000|0.0003|0|2024-04-21 23:38:29
94770000|0.1912|0|2024-04-21 23:38:29
94769000|0.0259|0|2024-04-21 23:38:29
94767000|0.0002|0|2024-04-21 23:38:29
94765000|0.0013|0|2024-04-21 23:38:29
94800000|0.337|1|2024-04-21 23:38:29
94805000|0.0019|1|2024-04-21 23:38:29
94806000|0.0084|1|2024-04-21 23:38:29
94812000|0.0392|1|2024-04-21 23:38:29
94814000|0.0377|1|2024-04-21 23:38:29
94770000|0.1912|0|2024-04-21 23:38:34
94769000|0.0259|0|2024-04-21 23:38:34
94767000|0.0002|0|2024-04-21 23:38:34
94765000|0.0013|0|2024-04-21 23:38:34
94753000|0.0638|0|2024-04-21 23:38:34
94777000|0.0014|1|2024-04-21 23:38:34
94800000|0.337|1|2024-04-21 23:38:34
94805000|0.0019|1|2024-04-21 23:38:34
94807000|0.0084|1|2024-04-21 23:38:34
94815000|0.0392|1|2024-04-21 23:38:34
94770000|0.1909|0|2024-04-21 23:38:39
94769000|0.0259|0|2024-04-21 23:38:39
94767000|0.0002|0|2024-04-21 23:38:39
94765000|0.0013|0|2024-04-21 23:38:39
94753000|0.0638|0|2024-04-21 23:38:39
94777000|0.0015|1|2024-04-21 23:38:39
94800000|0.337|1|2024-04-21 23:38:39
94805000|0.0019|1|2024-04-21 23:38:39
94807000|0.0084|1|2024-04-21 23:38:39
94815000|0.0392|1|2024-04-21 23:38:39
94770000|0.1909|0|2024-04-21 23:38:44
94769000|0.0259|0|2024-04-21 23:38:44
94767000|0.0002|0|2024-04-21 23:38:44
94765000|0.0013|0|2024-04-21 23:38:44
94753000|0.0638|0|2024-04-21 23:38:44
94777000|0.0015|1|2024-04-21 23:38:44
94800000|0.337|1|2024-04-21 23:38:44
94804000|0.0084|1|2024-04-21 23:38:44
94805000|0.0019|1|2024-04-21 23:38:44
94815000|0.0392|1|2024-04-21 23:38:44
94770000|0.2123|0|2024-04-21 23:38:49
94769000|0.0259|0|2024-04-21 23:38:49
94767000|0.0002|0|2024-04-21 23:38:49
94765000|0.0013|0|2024-04-21 23:38:49
94751000|0.0016|0|2024-04-21 23:38:49
94777000|0.0015|1|2024-04-21 23:38:49
94800000|0.337|1|2024-04-21 23:38:49
94804000|0.0084|1|2024-04-21 23:38:49
94805000|0.0019|1|2024-04-21 23:38:49
94810000|0.0392|1|2024-04-21 23:38:49
94770000|0.2123|0|2024-04-21 23:38:54
94769000|0.0259|0|2024-04-21 23:38:54
94767000|0.0002|0|2024-04-21 23:38:54
94765000|0.0013|0|2024-04-21 23:38:54
94751000|0.0016|0|2024-04-21 23:38:54
94777000|0.0015|1|2024-04-21 23:38:54
94799000|0.0181|1|2024-04-21 23:38:54
94800000|0.3454|1|2024-04-21 23:38:54
94805000|0.0019|1|2024-04-21 23:38:54
94810000|0.0392|1|2024-04-21 23:38:54
94770000|0.2123|0|2024-04-21 23:38:59
94769000|0.0259|0|2024-04-21 23:38:59
94767000|0.0002|0|2024-04-21 23:38:59
94765000|0.0013|0|2024-04-21 23:38:59
94751000|0.0016|0|2024-04-21 23:38:59
94777000|0.0015|1|2024-04-21 23:38:59
94799000|0.0181|1|2024-04-21 23:38:59
94800000|0.347|1|2024-04-21 23:38:59
94805000|0.0019|1|2024-04-21 23:38:59
94810000|0.0392|1|2024-04-21 23:38:59
94770000|0.2104|0|2024-04-21 23:39:04
94769000|0.0259|0|2024-04-21 23:39:04
94767000|0.0002|0|2024-04-21 23:39:04
94765000|0.0013|0|2024-04-21 23:39:04
94751000|0.0016|0|2024-04-21 23:39:04
94777000|0.0015|1|2024-04-21 23:39:04
94799000|0.0181|1|2024-04-21 23:39:04
94800000|0.347|1|2024-04-21 23:39:04
94805000|0.0019|1|2024-04-21 23:39:04
94806000|0.0392|1|2024-04-21 23:39:04
94770000|0.2104|0|2024-04-21 23:39:09
94769000|0.0259|0|2024-04-21 23:39:09
94767000|0.0002|0|2024-04-21 23:39:09
94765000|0.0013|0|2024-04-21 23:39:09
94751000|0.0016|0|2024-04-21 23:39:09
94777000|0.0015|1|2024-04-21 23:39:09
94782000|0.332|1|2024-04-21 23:39:09
94785000|0.0392|1|2024-04-21 23:39:09
94787000|0.0377|1|2024-04-21 23:39:09
94796000|0.0919|1|2024-04-21 23:39:09
94770000|0.2104|0|2024-04-21 23:39:14
94769000|0.0259|0|2024-04-21 23:39:14
94767000|0.0002|0|2024-04-21 23:39:14
94765000|0.0013|0|2024-04-21 23:39:14
94751000|0.0016|0|2024-04-21 23:39:14
94777000|0.0015|1|2024-04-21 23:39:14
94782000|0.332|1|2024-04-21 23:39:14
94789000|0.0392|1|2024-04-21 23:39:14
94791000|0.0377|1|2024-04-21 23:39:14
94798000|0.0084|1|2024-04-21 23:39:14
94770000|0.2104|0|2024-04-21 23:39:19
94769000|0.0259|0|2024-04-21 23:39:19
94767000|0.0002|0|2024-04-21 23:39:19
94765000|0.0013|0|2024-04-21 23:39:19
94751000|0.0016|0|2024-04-21 23:39:19
94777000|0.0015|1|2024-04-21 23:39:19
94782000|0.332|1|2024-04-21 23:39:19
94795000|0.0392|1|2024-04-21 23:39:19
94796000|0.0084|1|2024-04-21 23:39:19
94797000|0.0377|1|2024-04-21 23:39:19
94770000|0.2123|0|2024-04-21 23:39:24
94769000|0.0259|0|2024-04-21 23:39:24
94767000|0.0002|0|2024-04-21 23:39:24
94765000|0.0013|0|2024-04-21 23:39:24
94751000|0.0016|0|2024-04-21 23:39:24
94777000|0.0015|1|2024-04-21 23:39:24
94782000|0.332|1|2024-04-21 23:39:24
94796000|0.0084|1|2024-04-21 23:39:24
94799000|0.0181|1|2024-04-21 23:39:24
94800000|0.0066|1|2024-04-21 23:39:24
94770000|0.1303|0|2024-04-21 23:39:29
94769000|0.0257|0|2024-04-21 23:39:29
94767000|0.0002|0|2024-04-21 23:39:29
94765000|0.0013|0|2024-04-21 23:39:29
94751000|0.0016|0|2024-04-21 23:39:29
94777000|0.0015|1|2024-04-21 23:39:29
94794000|0.0084|1|2024-04-21 23:39:29
94799000|0.0181|1|2024-04-21 23:39:29
94800000|0.0066|1|2024-04-21 23:39:29
94804000|0.332|1|2024-04-21 23:39:29
94770000|0.1097|0|2024-04-21 23:39:34
94769000|0.0257|0|2024-04-21 23:39:34
94767000|0.0002|0|2024-04-21 23:39:34
94765000|0.0013|0|2024-04-21 23:39:34
94751000|0.0016|0|2024-04-21 23:39:34
94777000|0.0015|1|2024-04-21 23:39:34
94794000|0.0084|1|2024-04-21 23:39:34
94799000|0.0181|1|2024-04-21 23:39:34
94800000|0.0066|1|2024-04-21 23:39:34
94804000|0.332|1|2024-04-21 23:39:34
94770000|0.1097|0|2024-04-21 23:39:39
94769000|0.0257|0|2024-04-21 23:39:39
94767000|0.0002|0|2024-04-21 23:39:39
94765000|0.0013|0|2024-04-21 23:39:39
94751000|0.0016|0|2024-04-21 23:39:39
94777000|0.0015|1|2024-04-21 23:39:39
94799000|0.0181|1|2024-04-21 23:39:39
94800000|0.0067|1|2024-04-21 23:39:39
94804000|0.332|1|2024-04-21 23:39:39
94805000|0.0019|1|2024-04-21 23:39:39
94770000|0.1097|0|2024-04-21 23:39:44
94769000|0.0257|0|2024-04-21 23:39:44
94767000|0.0002|0|2024-04-21 23:39:44
94765000|0.0013|0|2024-04-21 23:39:44
94751000|0.0016|0|2024-04-21 23:39:44
94777000|0.0015|1|2024-04-21 23:39:44
94799000|0.0181|1|2024-04-21 23:39:44
94800000|0.0067|1|2024-04-21 23:39:44
94804000|0.332|1|2024-04-21 23:39:44
94805000|0.0019|1|2024-04-21 23:39:44
94770000|0.1097|0|2024-04-21 23:39:49
94769000|0.0257|0|2024-04-21 23:39:49
94767000|0.0002|0|2024-04-21 23:39:49
94765000|0.0013|0|2024-04-21 23:39:49
94751000|0.0016|0|2024-04-21 23:39:49
94777000|0.0015|1|2024-04-21 23:39:49
94791000|0.0084|1|2024-04-21 23:39:49
94799000|0.0181|1|2024-04-21 23:39:49
94800000|0.0057|1|2024-04-21 23:39:49
94804000|0.332|1|2024-04-21 23:39:49
94770000|0.1089|0|2024-04-21 23:39:54
94769000|0.0257|0|2024-04-21 23:39:54
94767000|0.0002|0|2024-04-21 23:39:54
94765000|0.0013|0|2024-04-21 23:39:54
94751000|0.1048|0|2024-04-21 23:39:54
94776000|0.0001|1|2024-04-21 23:39:54
94777000|0.0013|1|2024-04-21 23:39:54
94791000|0.0084|1|2024-04-21 23:39:54
94799000|0.0181|1|2024-04-21 23:39:54
94800000|0.0057|1|2024-04-21 23:39:54
94771000|0.0084|0|2024-04-21 23:39:59
94770000|0.2135|0|2024-04-21 23:39:59
94769000|0.0257|0|2024-04-21 23:39:59
94767000|0.0002|0|2024-04-21 23:39:59
94765000|0.0013|0|2024-04-21 23:39:59
94799000|0.014|1|2024-04-21 23:39:59
94800000|0.0057|1|2024-04-21 23:39:59
94805000|0.0019|1|2024-04-21 23:39:59
94818000|0.0588|1|2024-04-21 23:39:59
94821000|0.332|1|2024-04-21 23:39:59
94771000|0.0084|0|2024-04-21 23:40:04
94770000|0.2135|0|2024-04-21 23:40:04
94769000|0.0257|0|2024-04-21 23:40:04
94767000|0.0127|0|2024-04-21 23:40:04
94765000|0.0013|0|2024-04-21 23:40:04
94799000|0.014|1|2024-04-21 23:40:04
94800000|0.0057|1|2024-04-21 23:40:04
94805000|0.0019|1|2024-04-21 23:40:04
94818000|0.0588|1|2024-04-21 23:40:04
94821000|0.332|1|2024-04-21 23:40:04
94774000|0.0084|0|2024-04-21 23:40:09
94770000|0.2135|0|2024-04-21 23:40:09
94769000|0.0257|0|2024-04-21 23:40:09
94767000|0.0127|0|2024-04-21 23:40:09
94765000|0.0013|0|2024-04-21 23:40:09
94799000|0.014|1|2024-04-21 23:40:09
94800000|0.0057|1|2024-04-21 23:40:09
94805000|0.0019|1|2024-04-21 23:40:09
94818000|0.0588|1|2024-04-21 23:40:09
94821000|0.3712|1|2024-04-21 23:40:09
94775000|0.001|0|2024-04-21 23:40:14
94774000|0.0084|0|2024-04-21 23:40:14
94770000|0.2135|0|2024-04-21 23:40:14
94769000|0.0257|0|2024-04-21 23:40:14
94767000|0.0127|0|2024-04-21 23:40:14
94799000|0.002|1|2024-04-21 23:40:14
94800000|0.0057|1|2024-04-21 23:40:14
94805000|0.0019|1|2024-04-21 23:40:14
94818000|0.0588|1|2024-04-21 23:40:14
94821000|0.3712|1|2024-04-21 23:40:14
94777000|0.0084|0|2024-04-21 23:40:19
94775000|0.0013|0|2024-04-21 23:40:19
94774000|0.0003|0|2024-04-21 23:40:19
94770000|0.2135|0|2024-04-21 23:40:19
94769000|0.0257|0|2024-04-21 23:40:19
94799000|0.002|1|2024-04-21 23:40:19
94800000|0.0057|1|2024-04-21 23:40:19
94802000|0.332|1|2024-04-21 23:40:19
94805000|0.0019|1|2024-04-21 23:40:19
94815000|0.0392|1|2024-04-21 23:40:19
94777000|0.009|0|2024-04-21 23:40:24
94775000|0.0003|0|2024-04-21 23:40:24
94774000|0.0003|0|2024-04-21 23:40:24
94770000|0.1928|0|2024-04-21 23:40:24
94769000|0.026|0|2024-04-21 23:40:24
94799000|0.002|1|2024-04-21 23:40:24
94800000|0.0057|1|2024-04-21 23:40:24
94802000|0.3712|1|2024-04-21 23:40:24
94804000|0.0377|1|2024-04-21 23:40:24
94805000|0.0019|1|2024-04-21 23:40:24
94777000|0.0087|0|2024-04-21 23:40:29
94775000|0.0003|0|2024-04-21 23:40:29
94774000|0.0003|0|2024-04-21 23:40:29
94770000|0.1928|0|2024-04-21 23:40:29
94769000|0.026|0|2024-04-21 23:40:29
94791000|0.0283|1|2024-04-21 23:40:29
94793000|0.0377|1|2024-04-21 23:40:29
94802000|0.3572|1|2024-04-21 23:40:29
94805000|0.0019|1|2024-04-21 23:40:29
94818000|0.0588|1|2024-04-21 23:40:29
94779000|0.0084|0|2024-04-21 23:40:34
94777000|0.0214|0|2024-04-21 23:40:34
94775000|0.0003|0|2024-04-21 23:40:34
94774000|0.0003|0|2024-04-21 23:40:34
94770000|0.1928|0|2024-04-21 23:40:34
94784000|0.0224|1|2024-04-21 23:40:34
94785000|0.0377|1|2024-04-21 23:40:34
94791000|0.332|1|2024-04-21 23:40:34
94794000|0.028|1|2024-04-21 23:40:34
94805000|0.0019|1|2024-04-21 23:40:34
94779000|0.0025|0|2024-04-21 23:40:39
94777000|0.0214|0|2024-04-21 23:40:39
94775000|0.0116|0|2024-04-21 23:40:39
94774000|0.0003|0|2024-04-21 23:40:39
94770000|0.1928|0|2024-04-21 23:40:39
94784000|0.3544|1|2024-04-21 23:40:39
94785000|0.0377|1|2024-04-21 23:40:39
94794000|0.028|1|2024-04-21 23:40:39
94799000|0.0062|1|2024-04-21 23:40:39
94805000|0.0019|1|2024-04-21 23:40:39
94779000|0.0065|0|2024-04-21 23:40:44
94778000|0.0023|0|2024-04-21 23:40:44
94777000|0.0214|0|2024-04-21 23:40:44
94775000|0.0116|0|2024-04-21 23:40:44
94774000|0.0003|0|2024-04-21 23:40:44
94784000|0.3544|1|2024-04-21 23:40:44
94785000|0.0377|1|2024-04-21 23:40:44
94794000|0.028|1|2024-04-21 23:40:44
94799000|0.0062|1|2024-04-21 23:40:44
94805000|0.0019|1|2024-04-21 23:40:44
94779000|0.0177|0|2024-04-21 23:40:49
94778000|0.0023|0|2024-04-21 23:40:49
94777000|0.0214|0|2024-04-21 23:40:49
94775000|0.0116|0|2024-04-21 23:40:49
94774000|0.0003|0|2024-04-21 23:40:49
94784000|0.3323|1|2024-04-21 23:40:49
94793000|0.0221|1|2024-04-21 23:40:49
94795000|0.0377|1|2024-04-21 23:40:49
94804000|0.028|1|2024-04-21 23:40:49
94805000|0.0019|1|2024-04-21 23:40:49
94779000|0.016|0|2024-04-21 23:40:54
94778000|0.0097|0|2024-04-21 23:40:54
94777000|0.0003|0|2024-04-21 23:40:54
94775000|0.0116|0|2024-04-21 23:40:54
94774000|0.0003|0|2024-04-21 23:40:54
94784000|0.3312|1|2024-04-21 23:40:54
94793000|0.0221|1|2024-04-21 23:40:54
94795000|0.0377|1|2024-04-21 23:40:54
94804000|0.028|1|2024-04-21 23:40:54
94805000|0.0019|1|2024-04-21 23:40:54
94779000|0.0005|0|2024-04-21 23:40:59
94778000|0.0097|0|2024-04-21 23:40:59
94777000|0.0003|0|2024-04-21 23:40:59
94775000|0.0116|0|2024-04-21 23:40:59
94774000|0.0003|0|2024-04-21 23:40:59
94784000|0.3311|1|2024-04-21 23:40:59
94793000|0.0221|1|2024-04-21 23:40:59
94795000|0.0377|1|2024-04-21 23:40:59
94797000|0.0062|1|2024-04-21 23:40:59
94804000|0.028|1|2024-04-21 23:40:59
94779000|0.0006|0|2024-04-21 23:41:04
94778000|0.0285|0|2024-04-21 23:41:04
94777000|0.0003|0|2024-04-21 23:41:04
94775000|0.0116|0|2024-04-21 23:41:04
94774000|0.0003|0|2024-04-21 23:41:04
94784000|0.3244|1|2024-04-21 23:41:04
94793000|0.0221|1|2024-04-21 23:41:04
94795000|0.0377|1|2024-04-21 23:41:04
94797000|0.0062|1|2024-04-21 23:41:04
94804000|0.028|1|2024-04-21 23:41:04
94778000|0.0233|0|2024-04-21 23:41:09
94777000|0.0026|0|2024-04-21 23:41:09
94775000|0.0116|0|2024-04-21 23:41:09
94774000|0.0003|0|2024-04-21 23:41:09
94770000|0.0872|0|2024-04-21 23:41:09
94784000|0.3246|1|2024-04-21 23:41:09
94785000|0.0221|1|2024-04-21 23:41:09
94787000|0.0377|1|2024-04-21 23:41:09
94796000|0.028|1|2024-04-21 23:41:09
94797000|0.0062|1|2024-04-21 23:41:09
94778000|0.0561|0|2024-04-21 23:41:14
94777000|0.0026|0|2024-04-21 23:41:14
94775000|0.0116|0|2024-04-21 23:41:14
94774000|0.0003|0|2024-04-21 23:41:14
94770000|0.0872|0|2024-04-21 23:41:14
94784000|0.3246|1|2024-04-21 23:41:14
94785000|0.0221|1|2024-04-21 23:41:14
94787000|0.0377|1|2024-04-21 23:41:14
94796000|0.028|1|2024-04-21 23:41:14
94797000|0.0062|1|2024-04-21 23:41:14
94778000|0.0404|0|2024-04-21 23:41:19
94777000|0.0003|0|2024-04-21 23:41:19
94776000|0.0023|0|2024-04-21 23:41:19
94775000|0.0116|0|2024-04-21 23:41:19
94774000|0.0003|0|2024-04-21 23:41:19
94784000|0.3247|1|2024-04-21 23:41:19
94785000|0.0221|1|2024-04-21 23:41:19
94787000|0.0377|1|2024-04-21 23:41:19
94796000|0.0342|1|2024-04-21 23:41:19
94805000|0.0019|1|2024-04-21 23:41:19
94777000|0.0003|0|2024-04-21 23:41:24
94776000|0.0023|0|2024-04-21 23:41:24
94775000|0.0116|0|2024-04-21 23:41:24
94774000|0.0003|0|2024-04-21 23:41:24
94770000|0.0872|0|2024-04-21 23:41:24
94778000|0.0456|1|2024-04-21 23:41:24
94784000|0.3244|1|2024-04-21 23:41:24
94785000|0.0221|1|2024-04-21 23:41:24
94787000|0.0377|1|2024-04-21 23:41:24
94796000|0.0342|1|2024-04-21 23:41:24
94775000|0.0116|0|2024-04-21 23:41:29
94774000|0.0003|0|2024-04-21 23:41:29
94770000|0.0872|0|2024-04-21 23:41:29
94769000|0.026|0|2024-04-21 23:41:29
94767000|0.0131|0|2024-04-21 23:41:29
94778000|0.0458|1|2024-04-21 23:41:29
94796000|0.0062|1|2024-04-21 23:41:29
94800000|0.332|1|2024-04-21 23:41:29
94803000|0.1275|1|2024-04-21 23:41:29
94805000|0.0396|1|2024-04-21 23:41:29
94775000|0.0|0|2024-04-21 23:41:34
94774000|0.0003|0|2024-04-21 23:41:34
94770000|0.0872|0|2024-04-21 23:41:34
94769000|0.026|0|2024-04-21 23:41:34
94767000|0.0131|0|2024-04-21 23:41:34
94778000|0.0457|1|2024-04-21 23:41:34
94795000|0.0021|1|2024-04-21 23:41:34
94800000|0.332|1|2024-04-21 23:41:34
94803000|0.1054|1|2024-04-21 23:41:34
94805000|0.0019|1|2024-04-21 23:41:34
94775000|0.0|0|2024-04-21 23:41:39
94774000|0.0003|0|2024-04-21 23:41:39
94770000|0.0872|0|2024-04-21 23:41:39
94769000|0.026|0|2024-04-21 23:41:39
94767000|0.0131|0|2024-04-21 23:41:39
94778000|0.0457|1|2024-04-21 23:41:39
94795000|0.0021|1|2024-04-21 23:41:39
94800000|0.332|1|2024-04-21 23:41:39
94803000|0.1054|1|2024-04-21 23:41:39
94805000|0.0019|1|2024-04-21 23:41:39
94775000|0.0|0|2024-04-21 23:41:44
94774000|0.0003|0|2024-04-21 23:41:44
94770000|0.0872|0|2024-04-21 23:41:44
94769000|0.026|0|2024-04-21 23:41:44
94767000|0.0131|0|2024-04-21 23:41:44
94778000|0.0457|1|2024-04-21 23:41:44
94794000|0.0061|1|2024-04-21 23:41:44
94800000|0.332|1|2024-04-21 23:41:44
94803000|0.1054|1|2024-04-21 23:41:44
94805000|0.0019|1|2024-04-21 23:41:44
94775000|0.0|0|2024-04-21 23:41:49
94774000|0.0003|0|2024-04-21 23:41:49
94770000|0.0872|0|2024-04-21 23:41:49
94769000|0.026|0|2024-04-21 23:41:49
94767000|0.0131|0|2024-04-21 23:41:49
94778000|0.0457|1|2024-04-21 23:41:49
94794000|0.0061|1|2024-04-21 23:41:49
94800000|0.332|1|2024-04-21 23:41:49
94805000|0.0019|1|2024-04-21 23:41:49
94817000|0.0221|1|2024-04-21 23:41:49
94775000|0.0|0|2024-04-21 23:41:54
94774000|0.0003|0|2024-04-21 23:41:54
94770000|0.0872|0|2024-04-21 23:41:54
94769000|0.026|0|2024-04-21 23:41:54
94767000|0.0131|0|2024-04-21 23:41:54
94778000|0.0457|1|2024-04-21 23:41:54
94792000|0.0022|1|2024-04-21 23:41:54
94800000|0.332|1|2024-04-21 23:41:54
94805000|0.0019|1|2024-04-21 23:41:54
94817000|0.0221|1|2024-04-21 23:41:54
94775000|0.0|0|2024-04-21 23:41:59
94774000|0.0003|0|2024-04-21 23:41:59
94770000|0.0872|0|2024-04-21 23:41:59
94769000|0.026|0|2024-04-21 23:41:59
94767000|0.0131|0|2024-04-21 23:41:59
94778000|0.0457|1|2024-04-21 23:41:59
94792000|0.0022|1|2024-04-21 23:41:59
94797000|0.0221|1|2024-04-21 23:41:59
94799000|0.0377|1|2024-04-21 23:41:59
94800000|0.332|1|2024-04-21 23:41:59
94775000|0.0105|0|2024-04-21 23:42:04
94774000|0.0003|0|2024-04-21 23:42:04
94770000|0.0872|0|2024-04-21 23:42:04
94769000|0.026|0|2024-04-21 23:42:04
94767000|0.0131|0|2024-04-21 23:42:04
94778000|0.0457|1|2024-04-21 23:42:04
94792000|0.006|1|2024-04-21 23:42:04
94796000|0.028|1|2024-04-21 23:42:04
94805000|0.0019|1|2024-04-21 23:42:04
94813000|0.1014|1|2024-04-21 23:42:04
94775000|0.1161|0|2024-04-21 23:42:09
94774000|0.0003|0|2024-04-21 23:42:09
94770000|0.0872|0|2024-04-21 23:42:09
94769000|0.026|0|2024-04-21 23:42:09
94767000|0.0131|0|2024-04-21 23:42:09
94776000|0.3214|1|2024-04-21 23:42:09
94778000|0.0456|1|2024-04-21 23:42:09
94785000|0.0221|1|2024-04-21 23:42:09
94786000|0.0377|1|2024-04-21 23:42:09
94792000|0.006|1|2024-04-21 23:42:09
94775000|0.0456|0|2024-04-21 23:42:14
94774000|0.0003|0|2024-04-21 23:42:14
94770000|0.0872|0|2024-04-21 23:42:14
94769000|0.026|0|2024-04-21 23:42:14
94767000|0.0131|0|2024-04-21 23:42:14
94776000|0.324|1|2024-04-21 23:42:14
94778000|0.0454|1|2024-04-21 23:42:14
94783000|0.028|1|2024-04-21 23:42:14
94791000|0.0023|1|2024-04-21 23:42:14
94805000|0.0019|1|2024-04-21 23:42:14
94775000|0.0403|0|2024-04-21 23:42:19
94774000|0.0003|0|2024-04-21 23:42:19
94770000|0.0872|0|2024-04-21 23:42:19
94769000|0.026|0|2024-04-21 23:42:19
94767000|0.0131|0|2024-04-21 23:42:19
94776000|0.324|1|2024-04-21 23:42:19
94778000|0.0454|1|2024-04-21 23:42:19
94783000|0.028|1|2024-04-21 23:42:19
94791000|0.0023|1|2024-04-21 23:42:19
94800000|0.0005|1|2024-04-21 23:42:19
94775000|0.0378|0|2024-04-21 23:42:24
94774000|0.0003|0|2024-04-21 23:42:24
94770000|0.0872|0|2024-04-21 23:42:24
94769000|0.026|0|2024-04-21 23:42:24
94767000|0.0131|0|2024-04-21 23:42:24
94776000|0.324|1|2024-04-21 23:42:24
94778000|0.0454|1|2024-04-21 23:42:24
94781000|0.028|1|2024-04-21 23:42:24
94790000|0.0059|1|2024-04-21 23:42:24
94800000|0.0005|1|2024-04-21 23:42:24
94775000|0.0378|0|2024-04-21 23:42:29
94774000|0.0003|0|2024-04-21 23:42:29
94770000|0.0872|0|2024-04-21 23:42:29
94769000|0.026|0|2024-04-21 23:42:29
94767000|0.0131|0|2024-04-21 23:42:29
94776000|0.324|1|2024-04-21 23:42:29
94781000|0.028|1|2024-04-21 23:42:29
94790000|0.0059|1|2024-04-21 23:42:29
94800000|0.0005|1|2024-04-21 23:42:29
94805000|0.0019|1|2024-04-21 23:42:29
94775000|0.0857|0|2024-04-21 23:42:34
94774000|0.0003|0|2024-04-21 23:42:34
94770000|0.0872|0|2024-04-21 23:42:34
94769000|0.026|0|2024-04-21 23:42:34
94767000|0.0133|0|2024-04-21 23:42:34
94776000|0.324|1|2024-04-21 23:42:34
94781000|0.028|1|2024-04-21 23:42:34
94789000|0.0024|1|2024-04-21 23:42:34
94800000|0.0005|1|2024-04-21 23:42:34
94805000|0.0019|1|2024-04-21 23:42:34
94775000|0.0852|0|2024-04-21 23:42:39
94774000|0.0003|0|2024-04-21 23:42:39
94770000|0.0872|0|2024-04-21 23:42:39
94769000|0.026|0|2024-04-21 23:42:39
94767000|0.0133|0|2024-04-21 23:42:39
94776000|0.3208|1|2024-04-21 23:42:39
94781000|0.028|1|2024-04-21 23:42:39
94789000|0.0024|1|2024-04-21 23:42:39
94800000|0.0005|1|2024-04-21 23:42:39
94805000|0.0019|1|2024-04-21 23:42:39
94775000|0.0705|0|2024-04-21 23:42:44
94774000|0.0003|0|2024-04-21 23:42:44
94770000|0.0872|0|2024-04-21 23:42:44
94769000|0.026|0|2024-04-21 23:42:44
94767000|0.0133|0|2024-04-21 23:42:44
94776000|0.3177|1|2024-04-21 23:42:44
94779000|0.028|1|2024-04-21 23:42:44
94789000|0.0058|1|2024-04-21 23:42:44
94800000|0.0005|1|2024-04-21 23:42:44
94805000|0.0019|1|2024-04-21 23:42:44
94775000|0.0566|0|2024-04-21 23:42:49
94774000|0.0003|0|2024-04-21 23:42:49
94771000|0.0003|0|2024-04-21 23:42:49
94770000|0.0872|0|2024-04-21 23:42:49
94769000|0.026|0|2024-04-21 23:42:49
94776000|0.3177|1|2024-04-21 23:42:49
94779000|0.028|1|2024-04-21 23:42:49
94789000|0.0058|1|2024-04-21 23:42:49
94800000|0.0005|1|2024-04-21 23:42:49
94805000|0.0019|1|2024-04-21 23:42:49
94775000|0.7956|0|2024-04-21 23:42:54
94774000|0.0003|0|2024-04-21 23:42:54
94771000|0.0003|0|2024-04-21 23:42:54
94770000|0.0872|0|2024-04-21 23:42:54
94769000|0.026|0|2024-04-21 23:42:54
94776000|0.2243|1|2024-04-21 23:42:54
94779000|0.028|1|2024-04-21 23:42:54
94789000|0.0058|1|2024-04-21 23:42:54
94800000|0.0005|1|2024-04-21 23:42:54
94805000|0.0019|1|2024-04-21 23:42:54
94775000|0.7956|0|2024-04-21 23:42:59
94774000|0.0003|0|2024-04-21 23:42:59
94771000|0.0003|0|2024-04-21 23:42:59
94770000|0.0872|0|2024-04-21 23:42:59
94769000|0.026|0|2024-04-21 23:42:59
94776000|0.2243|1|2024-04-21 23:42:59
94779000|0.028|1|2024-04-21 23:42:59
94788000|0.0025|1|2024-04-21 23:42:59
94800000|0.0005|1|2024-04-21 23:42:59
94805000|0.0019|1|2024-04-21 23:42:59
94775000|0.7956|0|2024-04-21 23:43:04
94774000|0.0003|0|2024-04-21 23:43:04
94771000|0.0003|0|2024-04-21 23:43:04
94770000|0.0872|0|2024-04-21 23:43:04
94769000|0.026|0|2024-04-21 23:43:04
94776000|0.233|1|2024-04-21 23:43:04
94779000|0.028|1|2024-04-21 23:43:04
94788000|0.0025|1|2024-04-21 23:43:04
94800000|0.0005|1|2024-04-21 23:43:04
94805000|0.0019|1|2024-04-21 23:43:04
94775000|0.7506|0|2024-04-21 23:43:09
94774000|0.0003|0|2024-04-21 23:43:09
94771000|0.0003|0|2024-04-21 23:43:09
94770000|0.0872|0|2024-04-21 23:43:09
94769000|0.026|0|2024-04-21 23:43:09
94776000|0.233|1|2024-04-21 23:43:09
94779000|0.028|1|2024-04-21 23:43:09
94788000|0.0057|1|2024-04-21 23:43:09
94800000|0.0005|1|2024-04-21 23:43:09
94805000|0.0019|1|2024-04-21 23:43:09
94775000|0.7096|0|2024-04-21 23:43:14
94774000|0.0003|0|2024-04-21 23:43:14
94771000|0.0003|0|2024-04-21 23:43:14
94770000|0.0872|0|2024-04-21 23:43:14
94769000|0.026|0|2024-04-21 23:43:14
94776000|0.2329|1|2024-04-21 23:43:14
94779000|0.028|1|2024-04-21 23:43:14
94788000|0.0057|1|2024-04-21 23:43:14
94800000|0.0005|1|2024-04-21 23:43:14
94805000|0.0019|1|2024-04-21 23:43:14
94775000|0.7195|0|2024-04-21 23:43:19
94774000|0.0003|0|2024-04-21 23:43:19
94771000|0.0003|0|2024-04-21 23:43:19
94770000|0.0872|0|2024-04-21 23:43:19
94769000|0.026|0|2024-04-21 23:43:19
94776000|0.2317|1|2024-04-21 23:43:19
94779000|0.028|1|2024-04-21 23:43:19
94787000|0.0082|1|2024-04-21 23:43:19
94800000|0.0005|1|2024-04-21 23:43:19
94805000|0.0019|1|2024-04-21 23:43:19
94775000|0.6905|0|2024-04-21 23:43:24
94774000|0.0003|0|2024-04-21 23:43:24
94771000|0.0004|0|2024-04-21 23:43:24
94770000|0.0872|0|2024-04-21 23:43:24
94769000|0.0262|0|2024-04-21 23:43:24
94776000|0.2316|1|2024-04-21 23:43:24
94787000|0.0082|1|2024-04-21 23:43:24
94800000|0.0005|1|2024-04-21 23:43:24
94805000|0.0019|1|2024-04-21 23:43:24
94806000|0.0616|1|2024-04-21 23:43:24
94775000|0.6662|0|2024-04-21 23:43:29
94774000|0.0003|0|2024-04-21 23:43:29
94771000|0.0004|0|2024-04-21 23:43:29
94770000|0.1083|0|2024-04-21 23:43:29
94769000|0.0262|0|2024-04-21 23:43:29
94776000|0.2315|1|2024-04-21 23:43:29
94777000|0.332|1|2024-04-21 23:43:29
94787000|0.0082|1|2024-04-21 23:43:29
94800000|0.0005|1|2024-04-21 23:43:29
94805000|0.0019|1|2024-04-21 23:43:29
94775000|0.653|0|2024-04-21 23:43:34
94774000|0.0003|0|2024-04-21 23:43:34
94771000|0.0004|0|2024-04-21 23:43:34
94770000|0.1083|0|2024-04-21 23:43:34
94769000|0.0262|0|2024-04-21 23:43:34
94776000|0.2315|1|2024-04-21 23:43:34
94787000|0.0082|1|2024-04-21 23:43:34
94800000|0.0005|1|2024-04-21 23:43:34
94801000|0.332|1|2024-04-21 23:43:34
94805000|0.0019|1|2024-04-21 23:43:34
94775000|0.645|0|2024-04-21 23:43:39
94774000|0.0003|0|2024-04-21 23:43:39
94771000|0.0004|0|2024-04-21 23:43:39
94770000|0.1083|0|2024-04-21 23:43:39
94769000|0.0262|0|2024-04-21 23:43:39
94776000|0.2315|1|2024-04-21 23:43:39
94787000|0.0082|1|2024-04-21 23:43:39
94800000|0.0005|1|2024-04-21 23:43:39
94801000|0.332|1|2024-04-21 23:43:39
94805000|0.0019|1|2024-04-21 23:43:39
94775000|0.5876|0|2024-04-21 23:43:44
94774000|0.0003|0|2024-04-21 23:43:44
94771000|0.0004|0|2024-04-21 23:43:44
94770000|0.1083|0|2024-04-21 23:43:44
94769000|0.0262|0|2024-04-21 23:43:44
94776000|0.2315|1|2024-04-21 23:43:44
94787000|0.0082|1|2024-04-21 23:43:44
94795000|0.0636|1|2024-04-21 23:43:44
94800000|0.0005|1|2024-04-21 23:43:44
94801000|0.332|1|2024-04-21 23:43:44
94775000|0.5712|0|2024-04-21 23:43:49
94774000|0.0003|0|2024-04-21 23:43:49
94771000|0.0054|0|2024-04-21 23:43:49
94770000|0.1083|0|2024-04-21 23:43:49
94769000|0.0262|0|2024-04-21 23:43:49
94776000|0.221|1|2024-04-21 23:43:49
94787000|0.0082|1|2024-04-21 23:43:49
94795000|0.169|1|2024-04-21 23:43:49
94800000|0.0005|1|2024-04-21 23:43:49
94801000|0.332|1|2024-04-21 23:43:49
94775000|0.5609|0|2024-04-21 23:43:54
94774000|0.0003|0|2024-04-21 23:43:54
94771000|0.0054|0|2024-04-21 23:43:54
94770000|0.1083|0|2024-04-21 23:43:54
94769000|0.0212|0|2024-04-21 23:43:54
94776000|0.221|1|2024-04-21 23:43:54
94787000|0.0082|1|2024-04-21 23:43:54
94791000|0.0616|1|2024-04-21 23:43:54
94795000|0.0636|1|2024-04-21 23:43:54
94800000|0.0005|1|2024-04-21 23:43:54
94775000|0.497|0|2024-04-21 23:43:59
94774000|0.0003|0|2024-04-21 23:43:59
94771000|0.0054|0|2024-04-21 23:43:59
94770000|0.1083|0|2024-04-21 23:43:59
94769000|0.0212|0|2024-04-21 23:43:59
94776000|0.0218|1|2024-04-21 23:43:59
94787000|0.0082|1|2024-04-21 23:43:59
94790000|0.0218|1|2024-04-21 23:43:59
94800000|0.0005|1|2024-04-21 23:43:59
94805000|0.0019|1|2024-04-21 23:43:59
94775000|0.4965|0|2024-04-21 23:44:04
94774000|0.0004|0|2024-04-21 23:44:04
94771000|0.0054|0|2024-04-21 23:44:04
94770000|0.1083|0|2024-04-21 23:44:04
94769000|0.0212|0|2024-04-21 23:44:04
94776000|0.0206|1|2024-04-21 23:44:04
94787000|0.0082|1|2024-04-21 23:44:04
94790000|0.0218|1|2024-04-21 23:44:04
94800000|0.0005|1|2024-04-21 23:44:04
94805000|0.0019|1|2024-04-21 23:44:04
94775000|0.4141|0|2024-04-21 23:44:09
94774000|0.0004|0|2024-04-21 23:44:09
94771000|0.0054|0|2024-04-21 23:44:09
94770000|0.1084|0|2024-04-21 23:44:09
94769000|0.0312|0|2024-04-21 23:44:09
94776000|0.0206|1|2024-04-21 23:44:09
94787000|0.0082|1|2024-04-21 23:44:09
94790000|0.0218|1|2024-04-21 23:44:09
94800000|0.0005|1|2024-04-21 23:44:09
94805000|0.0019|1|2024-04-21 23:44:09
94775000|0.3972|0|2024-04-21 23:44:14
94774000|0.0004|0|2024-04-21 23:44:14
94771000|0.0054|0|2024-04-21 23:44:14
94770000|0.1084|0|2024-04-21 23:44:14
94769000|0.0312|0|2024-04-21 23:44:14
94776000|0.0206|1|2024-04-21 23:44:14
94786000|0.0082|1|2024-04-21 23:44:14
94790000|0.0218|1|2024-04-21 23:44:14
94800000|0.0005|1|2024-04-21 23:44:14
94805000|0.0019|1|2024-04-21 23:44:14
94775000|0.3959|0|2024-04-21 23:44:19
94774000|0.0004|0|2024-04-21 23:44:19
94771000|0.0054|0|2024-04-21 23:44:19
94770000|0.1116|0|2024-04-21 23:44:19
94769000|0.0312|0|2024-04-21 23:44:19
94776000|0.0206|1|2024-04-21 23:44:19
94786000|0.0082|1|2024-04-21 23:44:19
94800000|0.0005|1|2024-04-21 23:44:19
94805000|0.0019|1|2024-04-21 23:44:19
94818000|0.0588|1|2024-04-21 23:44:19
94775000|0.3769|0|2024-04-21 23:44:24
94774000|0.0004|0|2024-04-21 23:44:24
94771000|0.0054|0|2024-04-21 23:44:24
94770000|0.1116|0|2024-04-21 23:44:24
94769000|0.0312|0|2024-04-21 23:44:24
94776000|0.0111|1|2024-04-21 23:44:24
94786000|0.0082|1|2024-04-21 23:44:24
94800000|0.0005|1|2024-04-21 23:44:24
94805000|0.0019|1|2024-04-21 23:44:24
94818000|0.0588|1|2024-04-21 23:44:24
94775000|0.3685|0|2024-04-21 23:44:29
94774000|0.0004|0|2024-04-21 23:44:29
94771000|0.0054|0|2024-04-21 23:44:29
94770000|0.1116|0|2024-04-21 23:44:29
94769000|0.0312|0|2024-04-21 23:44:29
94776000|0.0232|1|2024-04-21 23:44:29
94786000|0.0078|1|2024-04-21 23:44:29
94798000|0.0232|1|2024-04-21 23:44:29
94800000|0.0005|1|2024-04-21 23:44:29
94805000|0.0019|1|2024-04-21 23:44:29
94775000|0.3721|0|2024-04-21 23:44:34
94774000|0.0004|0|2024-04-21 23:44:34
94771000|0.0054|0|2024-04-21 23:44:34
94770000|0.1116|0|2024-04-21 23:44:34
94769000|0.0312|0|2024-04-21 23:44:34
94776000|0.0232|1|2024-04-21 23:44:34
94800000|0.0005|1|2024-04-21 23:44:34
94805000|0.0019|1|2024-04-21 23:44:34
94818000|0.0588|1|2024-04-21 23:44:34
94827000|0.2263|1|2024-04-21 23:44:34
94775000|0.3535|0|2024-04-21 23:44:39
94774000|0.0004|0|2024-04-21 23:44:39
94771000|0.0054|0|2024-04-21 23:44:39
94770000|0.1116|0|2024-04-21 23:44:39
94769000|0.0312|0|2024-04-21 23:44:39
94776000|0.0232|1|2024-04-21 23:44:39
94800000|0.0005|1|2024-04-21 23:44:39
94805000|0.0019|1|2024-04-21 23:44:39
94827000|0.2263|1|2024-04-21 23:44:39
94835000|0.2703|1|2024-04-21 23:44:39
94775000|0.3522|0|2024-04-21 23:44:44
94774000|0.0004|0|2024-04-21 23:44:44
94771000|0.0054|0|2024-04-21 23:44:44
94770000|0.0902|0|2024-04-21 23:44:44
94769000|0.0312|0|2024-04-21 23:44:44
94776000|0.0232|1|2024-04-21 23:44:44
94786000|0.0078|1|2024-04-21 23:44:44
94800000|0.0005|1|2024-04-21 23:44:44
94805000|0.0019|1|2024-04-21 23:44:44
94816000|0.0647|1|2024-04-21 23:44:44
94775000|0.3521|0|2024-04-21 23:44:49
94774000|0.0004|0|2024-04-21 23:44:49
94771000|0.0054|0|2024-04-21 23:44:49
94770000|0.0902|0|2024-04-21 23:44:49
94769000|0.0312|0|2024-04-21 23:44:49
94776000|0.0407|1|2024-04-21 23:44:49
94786000|0.0078|1|2024-04-21 23:44:49
94800000|0.0005|1|2024-04-21 23:44:49
94805000|0.0019|1|2024-04-21 23:44:49
94807000|0.0407|1|2024-04-21 23:44:49
94776000|0.0593|0|2024-04-21 23:44:54
94775000|0.3517|0|2024-04-21 23:44:54
94774000|0.0004|0|2024-04-21 23:44:54
94771000|0.0054|0|2024-04-21 23:44:54
94770000|0.0902|0|2024-04-21 23:44:54
94787000|0.0078|1|2024-04-21 23:44:54
94800000|0.0005|1|2024-04-21 23:44:54
94805000|0.0019|1|2024-04-21 23:44:54
94809000|0.0406|1|2024-04-21 23:44:54
94818000|0.1053|1|2024-04-21 23:44:54
94775000|0.0709|0|2024-04-21 23:44:59
94774000|0.1261|0|2024-04-21 23:44:59
94771000|0.0054|0|2024-04-21 23:44:59
94770000|0.09|0|2024-04-21 23:44:59
94769000|0.0312|0|2024-04-21 23:44:59
94787000|0.008|1|2024-04-21 23:44:59
94800000|0.0005|1|2024-04-21 23:44:59
94805000|0.0019|1|2024-04-21 23:44:59
94806000|0.0002|1|2024-04-21 23:44:59
94818000|0.1053|1|2024-04-21 23:44:59
94771000|0.0047|0|2024-04-21 23:45:04
94770000|0.09|0|2024-04-21 23:45:04
94769000|0.0312|0|2024-04-21 23:45:04
94768000|0.0007|0|2024-04-21 23:45:04
94767000|0.0134|0|2024-04-21 23:45:04
94775000|0.0071|1|2024-04-21 23:45:04
94800000|0.0005|1|2024-04-21 23:45:04
94805000|0.0019|1|2024-04-21 23:45:04
94806000|0.0002|1|2024-04-21 23:45:04
94809000|0.008|1|2024-04-21 23:45:04
94770000|0.0646|0|2024-04-21 23:45:09
94769000|0.0312|0|2024-04-21 23:45:09
94768000|0.0007|0|2024-04-21 23:45:09
94767000|0.0134|0|2024-04-21 23:45:09
94765000|0.0017|0|2024-04-21 23:45:09
94775000|0.0072|1|2024-04-21 23:45:09
94788000|0.0078|1|2024-04-21 23:45:09
94800000|0.0005|1|2024-04-21 23:45:09
94805000|0.0019|1|2024-04-21 23:45:09
94806000|0.0002|1|2024-04-21 23:45:09
94770000|0.039|0|2024-04-21 23:45:14
94769000|0.0312|0|2024-04-21 23:45:14
94768000|0.0007|0|2024-04-21 23:45:14
94767000|0.0134|0|2024-04-21 23:45:14
94765000|0.0017|0|2024-04-21 23:45:14
94775000|0.0072|1|2024-04-21 23:45:14
94779000|0.0078|1|2024-04-21 23:45:14
94788000|0.0078|1|2024-04-21 23:45:14
94800000|0.0005|1|2024-04-21 23:45:14
94805000|0.0019|1|2024-04-21 23:45:14
94770000|0.0413|0|2024-04-21 23:45:19
94769000|0.0312|0|2024-04-21 23:45:19
94768000|0.0478|0|2024-04-21 23:45:19
94767000|0.0134|0|2024-04-21 23:45:19
94765000|0.0017|0|2024-04-21 23:45:19
94775000|0.0072|1|2024-04-21 23:45:19
94788000|0.0078|1|2024-04-21 23:45:19
94799000|0.0078|1|2024-04-21 23:45:19
94800000|0.0005|1|2024-04-21 23:45:19
94805000|0.0019|1|2024-04-21 23:45:19
94769000|0.0312|0|2024-04-21 23:45:24
94768000|0.0471|0|2024-04-21 23:45:24
94767000|0.0141|0|2024-04-21 23:45:24
94765000|0.0017|0|2024-04-21 23:45:24
94751000|0.0221|0|2024-04-21 23:45:24
94770000|0.0911|1|2024-04-21 23:45:24
94775000|0.007|1|2024-04-21 23:45:24
94788000|0.0078|1|2024-04-21 23:45:24
94799000|0.0078|1|2024-04-21 23:45:24
94800000|0.0877|1|2024-04-21 23:45:24
94769000|0.0312|0|2024-04-21 23:45:29
94768000|0.0471|0|2024-04-21 23:45:29
94767000|0.0141|0|2024-04-21 23:45:29
94765000|0.0017|0|2024-04-21 23:45:29
94751000|0.0221|0|2024-04-21 23:45:29
94770000|0.0912|1|2024-04-21 23:45:29
94775000|0.007|1|2024-04-21 23:45:29
94787000|0.0078|1|2024-04-21 23:45:29
94799000|0.0078|1|2024-04-21 23:45:29
94800000|0.0005|1|2024-04-21 23:45:29
94769000|0.0312|0|2024-04-21 23:45:34
94768000|0.0471|0|2024-04-21 23:45:34
94767000|0.0134|0|2024-04-21 23:45:34
94765000|0.0017|0|2024-04-21 23:45:34
94751000|0.0221|0|2024-04-21 23:45:34
94770000|0.0911|1|2024-04-21 23:45:34
94775000|0.007|1|2024-04-21 23:45:34
94787000|0.0078|1|2024-04-21 23:45:34
94800000|0.0005|1|2024-04-21 23:45:34
94802000|0.1053|1|2024-04-21 23:45:34
94769000|0.0291|0|2024-04-21 23:45:39
94768000|0.0471|0|2024-04-21 23:45:39
94767000|0.0134|0|2024-04-21 23:45:39
94765000|0.0017|0|2024-04-21 23:45:39
94751000|0.0221|0|2024-04-21 23:45:39
94770000|0.0911|1|2024-04-21 23:45:39
94775000|0.007|1|2024-04-21 23:45:39
94785000|0.0078|1|2024-04-21 23:45:39
94800000|0.0005|1|2024-04-21 23:45:39
94805000|0.0019|1|2024-04-21 23:45:39
94769000|0.0343|0|2024-04-21 23:45:44
94768000|0.0471|0|2024-04-21 23:45:44
94767000|0.0134|0|2024-04-21 23:45:44
94765000|0.0024|0|2024-04-21 23:45:44
94759000|0.0052|0|2024-04-21 23:45:44
94770000|0.0911|1|2024-04-21 23:45:44
94775000|0.007|1|2024-04-21 23:45:44
94785000|0.0078|1|2024-04-21 23:45:44
94796000|0.0471|1|2024-04-21 23:45:44
94800000|0.0005|1|2024-04-21 23:45:44
94769000|0.0189|0|2024-04-21 23:45:49
94768000|0.0471|0|2024-04-21 23:45:49
94767000|0.0134|0|2024-04-21 23:45:49
94765000|0.0024|0|2024-04-21 23:45:49
94759000|0.0052|0|2024-04-21 23:45:49
94770000|0.0899|1|2024-04-21 23:45:49
94775000|0.007|1|2024-04-21 23:45:49
94795000|0.0471|1|2024-04-21 23:45:49
94796000|0.0594|1|2024-04-21 23:45:49
94800000|0.0005|1|2024-04-21 23:45:49
94769000|0.0189|0|2024-04-21 23:45:54
94768000|0.0472|0|2024-04-21 23:45:54
94767000|0.0134|0|2024-04-21 23:45:54
94765000|0.0017|0|2024-04-21 23:45:54
94764000|0.0007|0|2024-04-21 23:45:54
94770000|0.0899|1|2024-04-21 23:45:54
94784000|0.0078|1|2024-04-21 23:45:54
94795000|0.0471|1|2024-04-21 23:45:54
94796000|0.0594|1|2024-04-21 23:45:54
94799000|0.1053|1|2024-04-21 23:45:54
94768000|0.0209|0|2024-04-21 23:45:59
94767000|0.0134|0|2024-04-21 23:45:59
94765000|0.0017|0|2024-04-21 23:45:59
94764000|0.0008|0|2024-04-21 23:45:59
94759000|0.0052|0|2024-04-21 23:45:59
94769000|0.0122|1|2024-04-21 23:45:59
94770000|0.0897|1|2024-04-21 23:45:59
94776000|0.0209|1|2024-04-21 23:45:59
94784000|0.0078|1|2024-04-21 23:45:59
94795000|0.0121|1|2024-04-21 23:45:59
94768000|0.0139|0|2024-04-21 23:46:04
94767000|0.0134|0|2024-04-21 23:46:04
94765000|0.0017|0|2024-04-21 23:46:04
94764000|0.0001|0|2024-04-21 23:46:04
94759000|0.0053|0|2024-04-21 23:46:04
94769000|0.0122|1|2024-04-21 23:46:04
94770000|0.0897|1|2024-04-21 23:46:04
94776000|0.332|1|2024-04-21 23:46:04
94778000|0.0139|1|2024-04-21 23:46:04
94783000|0.0078|1|2024-04-21 23:46:04
94767000|0.0134|0|2024-04-21 23:46:09
94765000|0.0017|0|2024-04-21 23:46:09
94764000|0.0001|0|2024-04-21 23:46:09
94763000|0.0007|0|2024-04-21 23:46:09
94759000|0.0053|0|2024-04-21 23:46:09
94768000|0.0221|1|2024-04-21 23:46:09
94769000|0.012|1|2024-04-21 23:46:09
94770000|0.0897|1|2024-04-21 23:46:09
94778000|0.0139|1|2024-04-21 23:46:09
94783000|0.0078|1|2024-04-21 23:46:09
94767000|0.0134|0|2024-04-21 23:46:14
94765000|0.0017|0|2024-04-21 23:46:14
94764000|0.0001|0|2024-04-21 23:46:14
94763000|0.0007|0|2024-04-21 23:46:14
94759000|0.0053|0|2024-04-21 23:46:14
94768000|0.0221|1|2024-04-21 23:46:14
94769000|0.012|1|2024-04-21 23:46:14
94770000|0.0897|1|2024-04-21 23:46:14
94778000|0.0139|1|2024-04-21 23:46:14
94782000|0.0078|1|2024-04-21 23:46:14
94765000|0.0|0|2024-04-21 23:46:19
94764000|0.0001|0|2024-04-21 23:46:19
94762000|0.0007|0|2024-04-21 23:46:19
94759000|0.0053|0|2024-04-21 23:46:19
94751000|0.0221|0|2024-04-21 23:46:19
94768000|0.022|1|2024-04-21 23:46:19
94769000|0.012|1|2024-04-21 23:46:19
94770000|0.0897|1|2024-04-21 23:46:19
94778000|0.0139|1|2024-04-21 23:46:19
94782000|0.0078|1|2024-04-21 23:46:19
94759000|0.0029|0|2024-04-21 23:46:24
94751000|0.0221|0|2024-04-21 23:46:24
94750000|0.0288|0|2024-04-21 23:46:24
94749000|0.002|0|2024-04-21 23:46:24
94745000|0.0002|0|2024-04-21 23:46:24
94767000|0.1053|1|2024-04-21 23:46:24
94768000|0.022|1|2024-04-21 23:46:24
94769000|0.012|1|2024-04-21 23:46:24
94770000|0.0897|1|2024-04-21 23:46:24
94778000|0.0139|1|2024-04-21 23:46:24
94750000|0.0263|0|2024-04-21 23:46:29
94749000|0.002|0|2024-04-21 23:46:29
94745000|0.0002|0|2024-04-21 23:46:29
94744000|0.0056|0|2024-04-21 23:46:29
94740000|0.0092|0|2024-04-21 23:46:29
94756000|0.0008|1|2024-04-21 23:46:29
94768000|0.0218|1|2024-04-21 23:46:29
94769000|0.012|1|2024-04-21 23:46:29
94770000|0.0897|1|2024-04-21 23:46:29
94778000|0.0139|1|2024-04-21 23:46:29
94745000|0.0062|0|2024-04-21 23:46:34
94725000|0.0992|0|2024-04-21 23:46:34
94724000|0.3322|0|2024-04-21 23:46:34
94711000|0.02|0|2024-04-21 23:46:34
94710000|0.0947|0|2024-04-21 23:46:34
94756000|0.0009|1|2024-04-21 23:46:34
94768000|0.0218|1|2024-04-21 23:46:34
94769000|0.012|1|2024-04-21 23:46:34
94770000|0.0897|1|2024-04-21 23:46:34
94776000|0.1053|1|2024-04-21 23:46:34
94756000|0.1452|0|2024-04-21 23:46:39
94745000|0.0062|0|2024-04-21 23:46:39
94724000|0.3322|0|2024-04-21 23:46:39
94711000|0.02|0|2024-04-21 23:46:39
94710000|0.0947|0|2024-04-21 23:46:39
94768000|0.0218|1|2024-04-21 23:46:39
94769000|0.012|1|2024-04-21 23:46:39
94770000|0.0897|1|2024-04-21 23:46:39
94779000|0.0077|1|2024-04-21 23:46:39
94780000|0.0002|1|2024-04-21 23:46:39
94757000|0.0001|0|2024-04-21 23:46:44
94756000|0.1455|0|2024-04-21 23:46:44
94745000|0.0062|0|2024-04-21 23:46:44
94725000|0.0002|0|2024-04-21 23:46:44
94724000|0.3322|0|2024-04-21 23:46:44
94768000|0.0218|1|2024-04-21 23:46:44
94770000|0.0897|1|2024-04-21 23:46:44
94780000|0.0002|1|2024-04-21 23:46:44
94783000|0.0002|1|2024-04-21 23:46:44
94796000|0.0596|1|2024-04-21 23:46:44
94745000|0.0064|0|2024-04-21 23:46:49
94725000|0.0002|0|2024-04-21 23:46:49
94712000|0.1002|0|2024-04-21 23:46:49
94711000|0.02|0|2024-04-21 23:46:49
94710000|0.0947|0|2024-04-21 23:46:49
94756000|0.0133|1|2024-04-21 23:46:49
94768000|0.0218|1|2024-04-21 23:46:49
94770000|0.0897|1|2024-04-21 23:46:49
94778000|0.0009|1|2024-04-21 23:46:49
94780000|0.0002|1|2024-04-21 23:46:49
94745000|0.0064|0|2024-04-21 23:46:54
94725000|0.0002|0|2024-04-21 23:46:54
94712000|0.1002|0|2024-04-21 23:46:54
94711000|0.02|0|2024-04-21 23:46:54
94710000|0.0949|0|2024-04-21 23:46:54
94756000|0.0546|1|2024-04-21 23:46:54
94768000|0.0218|1|2024-04-21 23:46:54
94770000|0.0897|1|2024-04-21 23:46:54
94778000|0.0009|1|2024-04-21 23:46:54
94780000|0.0002|1|2024-04-21 23:46:54
94745000|0.0064|0|2024-04-21 23:46:59
94725000|0.0002|0|2024-04-21 23:46:59
94712000|0.1002|0|2024-04-21 23:46:59
94711000|0.02|0|2024-04-21 23:46:59
94710000|0.0949|0|2024-04-21 23:46:59
94756000|0.0546|1|2024-04-21 23:46:59
94768000|0.0218|1|2024-04-21 23:46:59
94770000|0.0897|1|2024-04-21 23:46:59
94776000|0.0076|1|2024-04-21 23:46:59
94780000|0.0002|1|2024-04-21 23:46:59
94745000|0.0064|0|2024-04-21 23:47:04
94725000|0.0002|0|2024-04-21 23:47:04
94711000|0.02|0|2024-04-21 23:47:04
94710000|0.0947|0|2024-04-21 23:47:04
94709000|0.0308|0|2024-04-21 23:47:04
94756000|0.0753|1|2024-04-21 23:47:04
94768000|0.0218|1|2024-04-21 23:47:04
94770000|0.0897|1|2024-04-21 23:47:04
94776000|0.0078|1|2024-04-21 23:47:04
94780000|0.0002|1|2024-04-21 23:47:04
94745000|0.0064|0|2024-04-21 23:47:09
94725000|0.0002|0|2024-04-21 23:47:09
94713000|0.1002|0|2024-04-21 23:47:09
94711000|0.02|0|2024-04-21 23:47:09
94710000|0.0949|0|2024-04-21 23:47:09
94756000|0.0753|1|2024-04-21 23:47:09
94768000|0.0218|1|2024-04-21 23:47:09
94770000|0.0897|1|2024-04-21 23:47:09
94774000|0.001|1|2024-04-21 23:47:09
94776000|0.0002|1|2024-04-21 23:47:09
94745000|0.0064|0|2024-04-21 23:47:14
94725000|0.0002|0|2024-04-21 23:47:14
94711000|0.02|0|2024-04-21 23:47:14
94710000|0.1951|0|2024-04-21 23:47:14
94709000|0.0308|0|2024-04-21 23:47:14
94756000|0.0753|1|2024-04-21 23:47:14
94768000|0.0218|1|2024-04-21 23:47:14
94770000|0.0897|1|2024-04-21 23:47:14
94774000|0.001|1|2024-04-21 23:47:14
94776000|0.0002|1|2024-04-21 23:47:14
94745000|0.0036|0|2024-04-21 23:47:19
94725000|0.0002|0|2024-04-21 23:47:19
94711000|0.02|0|2024-04-21 23:47:19
94710000|0.0947|0|2024-04-21 23:47:19
94709000|0.031|0|2024-04-21 23:47:19
94756000|0.0753|1|2024-04-21 23:47:19
94768000|0.0218|1|2024-04-21 23:47:19
94770000|0.0897|1|2024-04-21 23:47:19
94773000|0.0075|1|2024-04-21 23:47:19
94776000|0.0002|1|2024-04-21 23:47:19
94745000|0.0036|0|2024-04-21 23:47:24
94725000|0.0002|0|2024-04-21 23:47:24
94711000|0.02|0|2024-04-21 23:47:24
94710000|0.1147|0|2024-04-21 23:47:24
94709000|0.0308|0|2024-04-21 23:47:24
94756000|0.1165|1|2024-04-21 23:47:24
94768000|0.0218|1|2024-04-21 23:47:24
94770000|0.0897|1|2024-04-21 23:47:24
94773000|0.0075|1|2024-04-21 23:47:24
94776000|0.0202|1|2024-04-21 23:47:24
94745000|0.0036|0|2024-04-21 23:47:29
94725000|0.0002|0|2024-04-21 23:47:29
94711000|0.02|0|2024-04-21 23:47:29
94710000|0.0508|0|2024-04-21 23:47:29
94709000|0.0308|0|2024-04-21 23:47:29
94756000|0.0753|1|2024-04-21 23:47:29
94768000|0.0218|1|2024-04-21 23:47:29
94770000|0.0897|1|2024-04-21 23:47:29
94772000|0.0561|1|2024-04-21 23:47:29
94776000|0.0002|1|2024-04-21 23:47:29
94745000|0.0036|0|2024-04-21 23:47:34
94725000|0.0002|0|2024-04-21 23:47:34
94711000|0.02|0|2024-04-21 23:47:34
94710000|0.0508|0|2024-04-21 23:47:34
94709000|0.0308|0|2024-04-21 23:47:34
94755000|0.0316|1|2024-04-21 23:47:34
94756000|0.0737|1|2024-04-21 23:47:34
94768000|0.0218|1|2024-04-21 23:47:34
94770000|0.0897|1|2024-04-21 23:47:34
94772000|0.0561|1|2024-04-21 23:47:34
94745000|0.0036|0|2024-04-21 23:47:39
94725000|0.0002|0|2024-04-21 23:47:39
94711000|0.02|0|2024-04-21 23:47:39
94710000|0.0508|0|2024-04-21 23:47:39
94709000|0.0308|0|2024-04-21 23:47:39
94755000|0.0317|1|2024-04-21 23:47:39
94756000|0.0832|1|2024-04-21 23:47:39
94768000|0.0218|1|2024-04-21 23:47:39
94770000|0.0982|1|2024-04-21 23:47:39
94772000|0.0561|1|2024-04-21 23:47:39
94745000|0.0036|0|2024-04-21 23:47:44
94725000|0.0002|0|2024-04-21 23:47:44
94711000|0.02|0|2024-04-21 23:47:44
94710000|0.0508|0|2024-04-21 23:47:44
94709000|0.0308|0|2024-04-21 23:47:44
94755000|0.0317|1|2024-04-21 23:47:44
94756000|0.0419|1|2024-04-21 23:47:44
94768000|0.0218|1|2024-04-21 23:47:44
94770000|0.0982|1|2024-04-21 23:47:44
94772000|0.0561|1|2024-04-21 23:47:44
94725000|0.0002|0|2024-04-21 23:47:49
94711000|0.02|0|2024-04-21 23:47:49
94710000|0.0508|0|2024-04-21 23:47:49
94709000|0.0308|0|2024-04-21 23:47:49
94708000|0.0039|0|2024-04-21 23:47:49
94745000|0.002|1|2024-04-21 23:47:49
94754000|0.0317|1|2024-04-21 23:47:49
94755000|0.0729|1|2024-04-21 23:47:49
94756000|0.0419|1|2024-04-21 23:47:49
94767000|0.0273|1|2024-04-21 23:47:49
94725000|0.0002|0|2024-04-21 23:47:54
94711000|0.02|0|2024-04-21 23:47:54
94710000|0.0508|0|2024-04-21 23:47:54
94709000|0.0308|0|2024-04-21 23:47:54
94708000|0.0039|0|2024-04-21 23:47:54
94744000|0.0401|1|2024-04-21 23:47:54
94750000|0.332|1|2024-04-21 23:47:54
94752000|0.0568|1|2024-04-21 23:47:54
94754000|0.0316|1|2024-04-21 23:47:54
94755000|0.0412|1|2024-04-21 23:47:54
94725000|0.0002|0|2024-04-21 23:47:59
94711000|0.021|0|2024-04-21 23:47:59
94710000|0.0508|0|2024-04-21 23:47:59
94709000|0.0308|0|2024-04-21 23:47:59
94708000|0.0039|0|2024-04-21 23:47:59
94742000|0.0319|1|2024-04-21 23:47:59
94750000|0.332|1|2024-04-21 23:47:59
94754000|0.0316|1|2024-04-21 23:47:59
94756000|0.0419|1|2024-04-21 23:47:59
94766000|0.0085|1|2024-04-21 23:47:59
94725000|0.0002|0|2024-04-21 23:48:04
94711000|0.021|0|2024-04-21 23:48:04
94710000|0.0508|0|2024-04-21 23:48:04
94709000|0.0308|0|2024-04-21 23:48:04
94708000|0.0039|0|2024-04-21 23:48:04
94742000|0.0319|1|2024-04-21 23:48:04
94748000|0.0508|1|2024-04-21 23:48:04
94750000|0.332|1|2024-04-21 23:48:04
94756000|0.0419|1|2024-04-21 23:48:04
94766000|0.0085|1|2024-04-21 23:48:04
94711000|0.021|0|2024-04-21 23:48:09
94710000|0.0508|0|2024-04-21 23:48:09
94709000|0.0308|0|2024-04-21 23:48:09
94708000|0.0039|0|2024-04-21 23:48:09
94706000|0.0201|0|2024-04-21 23:48:09
94721000|0.1017|1|2024-04-21 23:48:09
94732000|0.3323|1|2024-04-21 23:48:09
94742000|0.0316|1|2024-04-21 23:48:09
94748000|0.0508|1|2024-04-21 23:48:09
94753000|0.0548|1|2024-04-21 23:48:09
94711000|0.021|0|2024-04-21 23:48:14
94710000|0.0508|0|2024-04-21 23:48:14
94709000|0.0308|0|2024-04-21 23:48:14
94708000|0.0039|0|2024-04-21 23:48:14
94706000|0.0201|0|2024-04-21 23:48:14
94719000|0.0319|1|2024-04-21 23:48:14
94721000|0.1017|1|2024-04-21 23:48:14
94725000|0.0412|1|2024-04-21 23:48:14
94732000|0.0002|1|2024-04-21 23:48:14
94742000|0.0316|1|2024-04-21 23:48:14
94711000|0.021|0|2024-04-21 23:48:19
94710000|0.0508|0|2024-04-21 23:48:19
94709000|0.0308|0|2024-04-21 23:48:19
94708000|0.0039|0|2024-04-21 23:48:19
94706000|0.0201|0|2024-04-21 23:48:19
94719000|0.0003|1|2024-04-21 23:48:19
94732000|0.0002|1|2024-04-21 23:48:19
94744000|0.332|1|2024-04-21 23:48:19
94753000|0.0548|1|2024-04-21 23:48:19
94756000|0.0419|1|2024-04-21 23:48:19
94711000|0.021|0|2024-04-21 23:48:24
94710000|0.0508|0|2024-04-21 23:48:24
94709000|0.0308|0|2024-04-21 23:48:24
94708000|0.0039|0|2024-04-21 23:48:24
94706000|0.0201|0|2024-04-21 23:48:24
94716000|0.0316|1|2024-04-21 23:48:24
94725000|0.0319|1|2024-04-21 23:48:24
94755000|0.0085|1|2024-04-21 23:48:24
94756000|0.0303|1|2024-04-21 23:48:24
94768000|0.0218|1|2024-04-21 23:48:24
94718000|0.0651|0|2024-04-21 23:48:29
94711000|0.021|0|2024-04-21 23:48:29
94710000|0.0508|0|2024-04-21 23:48:29
94709000|0.0308|0|2024-04-21 23:48:29
94708000|0.0039|0|2024-04-21 23:48:29
94725000|0.0318|1|2024-04-21 23:48:29
94755000|0.0085|1|2024-04-21 23:48:29
94756000|0.0303|1|2024-04-21 23:48:29
94768000|0.0218|1|2024-04-21 23:48:29
94770000|0.0897|1|2024-04-21 23:48:29
94712000|0.0995|0|2024-04-21 23:48:34
94711000|0.021|0|2024-04-21 23:48:34
94710000|0.0508|0|2024-04-21 23:48:34
94709000|0.031|0|2024-04-21 23:48:34
94708000|0.0039|0|2024-04-21 23:48:34
94725000|0.0318|1|2024-04-21 23:48:34
94750000|0.0085|1|2024-04-21 23:48:34
94756000|0.0303|1|2024-04-21 23:48:34
94768000|0.0218|1|2024-04-21 23:48:34
94770000|0.0897|1|2024-04-21 23:48:34
94712000|0.0992|0|2024-04-21 23:48:39
94711000|0.021|0|2024-04-21 23:48:39
94710000|0.0508|0|2024-04-21 23:48:39
94709000|0.031|0|2024-04-21 23:48:39
94708000|0.0039|0|2024-04-21 23:48:39
94725000|0.0112|1|2024-04-21 23:48:39
94730000|0.0034|1|2024-04-21 23:48:39
94750000|0.0085|1|2024-04-21 23:48:39
94756000|0.0303|1|2024-04-21 23:48:39
94768000|0.0218|1|2024-04-21 23:48:39
94711000|0.021|0|2024-04-21 23:48:44
94710000|0.1499|0|2024-04-21 23:48:44
94709000|0.031|0|2024-04-21 23:48:44
94708000|0.0039|0|2024-04-21 23:48:44
94706000|0.0201|0|2024-04-21 23:48:44
94725000|0.001|1|2024-04-21 23:48:44
94730000|0.0034|1|2024-04-21 23:48:44
94756000|0.0303|1|2024-04-21 23:48:44
94768000|0.0218|1|2024-04-21 23:48:44
94770000|0.0897|1|2024-04-21 23:48:44
94712000|0.0991|0|2024-04-21 23:48:49
94711000|0.021|0|2024-04-21 23:48:49
94710000|0.051|0|2024-04-21 23:48:49
94709000|0.031|0|2024-04-21 23:48:49
94708000|0.0039|0|2024-04-21 23:48:49
94725000|0.001|1|2024-04-21 23:48:49
94730000|0.0034|1|2024-04-21 23:48:49
94756000|0.0303|1|2024-04-21 23:48:49
94768000|0.0218|1|2024-04-21 23:48:49
94770000|0.0897|1|2024-04-21 23:48:49
94717000|0.3322|0|2024-04-21 23:48:54
94711000|0.021|0|2024-04-21 23:48:54
94710000|0.051|0|2024-04-21 23:48:54
94709000|0.0308|0|2024-04-21 23:48:54
94708000|0.0039|0|2024-04-21 23:48:54
94756000|0.0097|1|2024-04-21 23:48:54
94768000|0.0218|1|2024-04-21 23:48:54
94770000|0.0897|1|2024-04-21 23:48:54
94776000|0.0002|1|2024-04-21 23:48:54
94780000|0.0002|1|2024-04-21 23:48:54
94717000|0.3324|0|2024-04-21 23:48:59
94711000|0.021|0|2024-04-21 23:48:59
94710000|0.051|0|2024-04-21 23:48:59
94709000|0.0308|0|2024-04-21 23:48:59
94708000|0.0039|0|2024-04-21 23:48:59
94746000|0.0085|1|2024-04-21 23:48:59
94756000|0.0097|1|2024-04-21 23:48:59
94768000|0.0218|1|2024-04-21 23:48:59
94770000|0.0897|1|2024-04-21 23:48:59
94776000|0.0002|1|2024-04-21 23:48:59
94717000|0.3329|0|2024-04-21 23:49:04
94711000|0.021|0|2024-04-21 23:49:04
94710000|0.051|0|2024-04-21 23:49:04
94709000|0.0308|0|2024-04-21 23:49:04
94708000|0.0039|0|2024-04-21 23:49:04
94746000|0.0085|1|2024-04-21 23:49:04
94756000|0.0097|1|2024-04-21 23:49:04
94768000|0.0218|1|2024-04-21 23:49:04
94770000|0.0897|1|2024-04-21 23:49:04
94776000|0.0002|1|2024-04-21 23:49:04
94717000|0.0019|0|2024-04-21 23:49:09
94711000|0.021|0|2024-04-21 23:49:09
94710000|0.0508|0|2024-04-21 23:49:09
94709000|0.0308|0|2024-04-21 23:49:09
94708000|0.0039|0|2024-04-21 23:49:09
94748000|0.0087|1|2024-04-21 23:49:09
94756000|0.0097|1|2024-04-21 23:49:09
94765000|0.332|1|2024-04-21 23:49:09
94768000|0.0218|1|2024-04-21 23:49:09
94769000|0.0653|1|2024-04-21 23:49:09
94717000|0.0019|0|2024-04-21 23:49:14
94711000|0.021|0|2024-04-21 23:49:14
94710000|0.0508|0|2024-04-21 23:49:14
94709000|0.0308|0|2024-04-21 23:49:14
94708000|0.0039|0|2024-04-21 23:49:14
94748000|0.0087|1|2024-04-21 23:49:14
94756000|0.0097|1|2024-04-21 23:49:14
94765000|0.332|1|2024-04-21 23:49:14
94768000|0.0218|1|2024-04-21 23:49:14
94769000|0.0653|1|2024-04-21 23:49:14
94731000|0.0007|0|2024-04-21 23:49:19
94730000|0.0049|0|2024-04-21 23:49:19
94717000|0.0527|0|2024-04-21 23:49:19
94711000|0.021|0|2024-04-21 23:49:19
94710000|0.0508|0|2024-04-21 23:49:19
94750000|0.0037|1|2024-04-21 23:49:19
94756000|0.0097|1|2024-04-21 23:49:19
94765000|0.332|1|2024-04-21 23:49:19
94768000|0.0218|1|2024-04-21 23:49:19
94769000|0.0653|1|2024-04-21 23:49:19
94731000|0.0007|0|2024-04-21 23:49:24
94730000|0.0049|0|2024-04-21 23:49:24
94717000|0.0527|0|2024-04-21 23:49:24
94711000|0.021|0|2024-04-21 23:49:24
94710000|0.0508|0|2024-04-21 23:49:24
94750000|0.0037|1|2024-04-21 23:49:24
94756000|0.0097|1|2024-04-21 23:49:24
94760000|0.0527|1|2024-04-21 23:49:24
94765000|0.332|1|2024-04-21 23:49:24
94768000|0.0218|1|2024-04-21 23:49:24
94732000|0.005|0|2024-04-21 23:49:29
94731000|0.0007|0|2024-04-21 23:49:29
94717000|0.0527|0|2024-04-21 23:49:29
94711000|0.001|0|2024-04-21 23:49:29
94710000|0.0508|0|2024-04-21 23:49:29
94750000|0.0002|1|2024-04-21 23:49:29
94752000|0.0035|1|2024-04-21 23:49:29
94756000|0.0097|1|2024-04-21 23:49:29
94760000|0.0527|1|2024-04-21 23:49:29
94768000|0.0218|1|2024-04-21 23:49:29
94750000|0.0002|0|2024-04-21 23:49:34
94732000|0.005|0|2024-04-21 23:49:34
94717000|0.0527|0|2024-04-21 23:49:34
94711000|0.011|0|2024-04-21 23:49:34
94710000|0.0508|0|2024-04-21 23:49:34
94752000|0.0024|1|2024-04-21 23:49:34
94756000|0.0097|1|2024-04-21 23:49:34
94760000|0.0527|1|2024-04-21 23:49:34
94768000|0.0218|1|2024-04-21 23:49:34
94769000|0.0653|1|2024-04-21 23:49:34
94734000|0.0012|0|2024-04-21 23:49:39
94732000|0.0003|0|2024-04-21 23:49:39
94717000|0.0527|0|2024-04-21 23:49:39
94711000|0.011|0|2024-04-21 23:49:39
94710000|0.0508|0|2024-04-21 23:49:39
94750000|0.0006|1|2024-04-21 23:49:39
94754000|0.0024|1|2024-04-21 23:49:39
94756000|0.0097|1|2024-04-21 23:49:39
94760000|0.158|1|2024-04-21 23:49:39
94768000|0.0218|1|2024-04-21 23:49:39
94734000|0.0014|0|2024-04-21 23:49:44
94720000|0.0031|0|2024-04-21 23:49:44
94717000|0.0527|0|2024-04-21 23:49:44
94711000|0.011|0|2024-04-21 23:49:44
94710000|0.0508|0|2024-04-21 23:49:44
94750000|0.0006|1|2024-04-21 23:49:44
94754000|0.0024|1|2024-04-21 23:49:44
94756000|0.0097|1|2024-04-21 23:49:44
94760000|0.0527|1|2024-04-21 23:49:44
94768000|0.0218|1|2024-04-21 23:49:44
94735000|0.0049|0|2024-04-21 23:49:49
94734000|0.0001|0|2024-04-21 23:49:49
94720000|0.0031|0|2024-04-21 23:49:49
94717000|0.0527|0|2024-04-21 23:49:49
94711000|0.011|0|2024-04-21 23:49:49
94750000|0.0006|1|2024-04-21 23:49:49
94756000|0.0097|1|2024-04-21 23:49:49
94760000|0.0527|1|2024-04-21 23:49:49
94768000|0.0218|1|2024-04-21 23:49:49
94769000|0.0653|1|2024-04-21 23:49:49
94735000|0.0051|0|2024-04-21 23:49:54
94720000|0.0031|0|2024-04-21 23:49:54
94717000|0.0527|0|2024-04-21 23:49:54
94711000|0.011|0|2024-04-21 23:49:54
94710000|0.0508|0|2024-04-21 23:49:54
94750000|0.0006|1|2024-04-21 23:49:54
94755000|0.0024|1|2024-04-21 23:49:54
94756000|0.0097|1|2024-04-21 23:49:54
94760000|0.0527|1|2024-04-21 23:49:54
94768000|0.0218|1|2024-04-21 23:49:54
94736000|0.0013|0|2024-04-21 23:49:59
94735000|0.0001|0|2024-04-21 23:49:59
94720000|0.0031|0|2024-04-21 23:49:59
94717000|0.0527|0|2024-04-21 23:49:59
94711000|0.011|0|2024-04-21 23:49:59
94750000|0.0006|1|2024-04-21 23:49:59
94755000|0.0024|1|2024-04-21 23:49:59
94756000|0.0097|1|2024-04-21 23:49:59
94760000|0.0527|1|2024-04-21 23:49:59
94768000|0.0218|1|2024-04-21 23:49:59
94750000|0.0031|0|2024-04-21 23:50:04
94736000|0.0013|0|2024-04-21 23:50:04
94720000|0.0031|0|2024-04-21 23:50:04
94717000|0.0527|0|2024-04-21 23:50:04
94711000|0.011|0|2024-04-21 23:50:04
94756000|0.0097|1|2024-04-21 23:50:04
94760000|0.0527|1|2024-04-21 23:50:04
94768000|0.0218|1|2024-04-21 23:50:04
94769000|0.0653|1|2024-04-21 23:50:04
94770000|0.0897|1|2024-04-21 23:50:04
94738000|0.0004|0|2024-04-21 23:50:09
94720000|0.0031|0|2024-04-21 23:50:09
94717000|0.0527|0|2024-04-21 23:50:09
94711000|0.011|0|2024-04-21 23:50:09
94710000|0.0508|0|2024-04-21 23:50:09
94756000|0.0097|1|2024-04-21 23:50:09
94760000|0.0527|1|2024-04-21 23:50:09
94768000|0.0218|1|2024-04-21 23:50:09
94769000|0.0653|1|2024-04-21 23:50:09
94770000|0.0897|1|2024-04-21 23:50:09
94738000|0.0004|0|2024-04-21 23:50:14
94720000|0.0031|0|2024-04-21 23:50:14
94717000|0.0527|0|2024-04-21 23:50:14
94711000|0.011|0|2024-04-21 23:50:14
94710000|0.0508|0|2024-04-21 23:50:14
94756000|0.0099|1|2024-04-21 23:50:14
94758000|0.0067|1|2024-04-21 23:50:14
94760000|0.0527|1|2024-04-21 23:50:14
94768000|0.0218|1|2024-04-21 23:50:14
94769000|0.0795|1|2024-04-21 23:50:14
94739000|0.0014|0|2024-04-21 23:50:19
94738000|0.0017|0|2024-04-21 23:50:19
94720000|0.0031|0|2024-04-21 23:50:19
94717000|0.0527|0|2024-04-21 23:50:19
94711000|0.011|0|2024-04-21 23:50:19
94756000|0.0099|1|2024-04-21 23:50:19
94758000|0.0067|1|2024-04-21 23:50:19
94760000|0.0527|1|2024-04-21 23:50:19
94768000|0.0218|1|2024-04-21 23:50:19
94769000|0.0653|1|2024-04-21 23:50:19
94739000|0.0014|0|2024-04-21 23:50:24
94738000|0.0017|0|2024-04-21 23:50:24
94731000|0.0595|0|2024-04-21 23:50:24
94720000|0.0031|0|2024-04-21 23:50:24
94719000|0.0985|0|2024-04-21 23:50:24
94756000|0.0452|1|2024-04-21 23:50:24
94760000|0.0594|1|2024-04-21 23:50:24
94768000|0.0218|1|2024-04-21 23:50:24
94770000|0.0897|1|2024-04-21 23:50:24
94774000|0.0002|1|2024-04-21 23:50:24
94738000|0.0017|0|2024-04-21 23:50:29
94720000|0.0031|0|2024-04-21 23:50:29
94718000|0.036|0|2024-04-21 23:50:29
94717000|0.0529|0|2024-04-21 23:50:29
94711000|0.0673|0|2024-04-21 23:50:29
94740000|0.0029|1|2024-04-21 23:50:29
94756000|0.045|1|2024-04-21 23:50:29
94760000|0.0594|1|2024-04-21 23:50:29
94768000|0.0218|1|2024-04-21 23:50:29
94770000|0.0897|1|2024-04-21 23:50:29
94739000|0.0018|0|2024-04-21 23:50:34
94738000|0.0017|0|2024-04-21 23:50:34
94720000|0.0031|0|2024-04-21 23:50:34
94718000|0.036|0|2024-04-21 23:50:34
94717000|0.0529|0|2024-04-21 23:50:34
94740000|0.0135|1|2024-04-21 23:50:34
94756000|0.045|1|2024-04-21 23:50:34
94760000|0.0594|1|2024-04-21 23:50:34
94768000|0.0218|1|2024-04-21 23:50:34
94770000|0.0897|1|2024-04-21 23:50:34
94739000|0.0011|0|2024-04-21 23:50:39
94738000|0.0017|0|2024-04-21 23:50:39
94720000|0.0031|0|2024-04-21 23:50:39
94718000|0.036|0|2024-04-21 23:50:39
94717000|0.0529|0|2024-04-21 23:50:39
94740000|0.0135|1|2024-04-21 23:50:39
94752000|0.0061|1|2024-04-21 23:50:39
94756000|0.045|1|2024-04-21 23:50:39
94758000|0.0067|1|2024-04-21 23:50:39
94768000|0.0218|1|2024-04-21 23:50:39
94738000|0.0017|0|2024-04-21 23:50:44
94737000|0.0012|0|2024-04-21 23:50:44
94720000|0.0031|0|2024-04-21 23:50:44
94718000|0.036|0|2024-04-21 23:50:44
94717000|0.0529|0|2024-04-21 23:50:44
94739000|0.1|1|2024-04-21 23:50:44
94740000|0.0133|1|2024-04-21 23:50:44
94752000|0.0061|1|2024-04-21 23:50:44
94756000|0.045|1|2024-04-21 23:50:44
94758000|0.0067|1|2024-04-21 23:50:44
94717000|0.017|0|2024-04-21 23:50:49
94711000|0.011|0|2024-04-21 23:50:49
94710000|0.0308|0|2024-04-21 23:50:49
94709000|0.0108|0|2024-04-21 23:50:49
94708000|0.0039|0|2024-04-21 23:50:49
94738000|0.0621|1|2024-04-21 23:50:49
94739000|0.1002|1|2024-04-21 23:50:49
94740000|0.0106|1|2024-04-21 23:50:49
94747000|0.0123|1|2024-04-21 23:50:49
94748000|0.0632|1|2024-04-21 23:50:49
94717000|0.017|0|2024-04-21 23:50:54
94711000|0.011|0|2024-04-21 23:50:54
94710000|0.0308|0|2024-04-21 23:50:54
94709000|0.0108|0|2024-04-21 23:50:54
94708000|0.0496|0|2024-04-21 23:50:54
94720000|0.0454|1|2024-04-21 23:50:54
94738000|0.0622|1|2024-04-21 23:50:54
94739000|0.1|1|2024-04-21 23:50:54
94740000|0.0106|1|2024-04-21 23:50:54
94748000|0.0632|1|2024-04-21 23:50:54
94717000|0.0142|0|2024-04-21 23:50:59
94711000|0.011|0|2024-04-21 23:50:59
94710000|0.0308|0|2024-04-21 23:50:59
94709000|0.0108|0|2024-04-21 23:50:59
94708000|0.0496|0|2024-04-21 23:50:59
94719000|0.031|1|2024-04-21 23:50:59
94720000|0.0454|1|2024-04-21 23:50:59
94738000|0.062|1|2024-04-21 23:50:59
94740000|0.0106|1|2024-04-21 23:50:59
94748000|0.0632|1|2024-04-21 23:50:59
94717000|0.0142|0|2024-04-21 23:51:04
94711000|0.011|0|2024-04-21 23:51:04
94710000|0.0308|0|2024-04-21 23:51:04
94709000|0.0108|0|2024-04-21 23:51:04
94708000|0.0496|0|2024-04-21 23:51:04
94719000|0.026|1|2024-04-21 23:51:04
94720000|0.0454|1|2024-04-21 23:51:04
94740000|0.0106|1|2024-04-21 23:51:04
94748000|0.0632|1|2024-04-21 23:51:04
94754000|0.0078|1|2024-04-21 23:51:04
94717000|0.0142|0|2024-04-21 23:51:09
94711000|0.011|0|2024-04-21 23:51:09
94710000|0.0308|0|2024-04-21 23:51:09
94709000|0.0108|0|2024-04-21 23:51:09
94708000|0.0496|0|2024-04-21 23:51:09
94719000|0.0244|1|2024-04-21 23:51:09
94720000|0.0454|1|2024-04-21 23:51:09
94740000|0.0106|1|2024-04-21 23:51:09
94748000|0.0632|1|2024-04-21 23:51:09
94749000|0.0085|1|2024-04-21 23:51:09
94711000|0.011|0|2024-04-21 23:51:14
94710000|0.0308|0|2024-04-21 23:51:14
94709000|0.0108|0|2024-04-21 23:51:14
94708000|0.0496|0|2024-04-21 23:51:14
94706000|0.0201|0|2024-04-21 23:51:14
94717000|0.0857|1|2024-04-21 23:51:14
94719000|0.0231|1|2024-04-21 23:51:14
94720000|0.0454|1|2024-04-21 23:51:14
94739000|0.0124|1|2024-04-21 23:51:14
94740000|0.0106|1|2024-04-21 23:51:14
94710000|0.0148|0|2024-04-21 23:51:19
94709000|0.0108|0|2024-04-21 23:51:19
94708000|0.0496|0|2024-04-21 23:51:19
94706000|0.0201|0|2024-04-21 23:51:19
94705000|0.0004|0|2024-04-21 23:51:19
94717000|0.0859|1|2024-04-21 23:51:19
94719000|0.0231|1|2024-04-21 23:51:19
94740000|0.0106|1|2024-04-21 23:51:19
94744000|0.0122|1|2024-04-21 23:51:19
94745000|0.0085|1|2024-04-21 23:51:19
94710000|0.1206|0|2024-04-21 23:51:24
94709000|0.0108|0|2024-04-21 23:51:24
94708000|0.0496|0|2024-04-21 23:51:24
94706000|0.0201|0|2024-04-21 23:51:24
94705000|0.0004|0|2024-04-21 23:51:24
94717000|0.0859|1|2024-04-21 23:51:24
94719000|0.0231|1|2024-04-21 23:51:24
94740000|0.0106|1|2024-04-21 23:51:24
94745000|0.0085|1|2024-04-21 23:51:24
94748000|0.0634|1|2024-04-21 23:51:24
94710000|0.1206|0|2024-04-21 23:51:29
94709000|0.0108|0|2024-04-21 23:51:29
94708000|0.0496|0|2024-04-21 23:51:29
94706000|0.0003|0|2024-04-21 23:51:29
94705000|0.0004|0|2024-04-21 23:51:29
94717000|0.0859|1|2024-04-21 23:51:29
94719000|0.0231|1|2024-04-21 23:51:29
94740000|0.0106|1|2024-04-21 23:51:29
94742000|0.0085|1|2024-04-21 23:51:29
94748000|0.0634|1|2024-04-21 23:51:29
94710000|0.0622|0|2024-04-21 23:51:34
94709000|0.0108|0|2024-04-21 23:51:34
94708000|0.0496|0|2024-04-21 23:51:34
94706000|0.0003|0|2024-04-21 23:51:34
94705000|0.0006|0|2024-04-21 23:51:34
94717000|0.0859|1|2024-04-21 23:51:34
94738000|0.1054|1|2024-04-21 23:51:34
94740000|0.0106|1|2024-04-21 23:51:34
94742000|0.0085|1|2024-04-21 23:51:34
94748000|0.0002|1|2024-04-21 23:51:34
94711000|0.0889|0|2024-04-21 23:51:39
94710000|0.0622|0|2024-04-21 23:51:39
94709000|0.0108|0|2024-04-21 23:51:39
94708000|0.0496|0|2024-04-21 23:51:39
94706000|0.0003|0|2024-04-21 23:51:39
94717000|0.0859|1|2024-04-21 23:51:39
94740000|0.0106|1|2024-04-21 23:51:39
94748000|0.0002|1|2024-04-21 23:51:39
94756000|0.0447|1|2024-04-21 23:51:39
94768000|0.0218|1|2024-04-21 23:51:39
94711000|0.0002|0|2024-04-21 23:51:44
94710000|0.0622|0|2024-04-21 23:51:44
94709000|0.0108|0|2024-04-21 23:51:44
94708000|0.0496|0|2024-04-21 23:51:44
94706000|0.0003|0|2024-04-21 23:51:44
94717000|0.0858|1|2024-04-21 23:51:44
94739000|0.0085|1|2024-04-21 23:51:44
94740000|0.0106|1|2024-04-21 23:51:44
94748000|0.0002|1|2024-04-21 23:51:44
94756000|0.0447|1|2024-04-21 23:51:44
94711000|0.0002|0|2024-04-21 23:51:49
94710000|0.0622|0|2024-04-21 23:51:49
94709000|0.0433|0|2024-04-21 23:51:49
94708000|0.0496|0|2024-04-21 23:51:49
94706000|0.0003|0|2024-04-21 23:51:49
94717000|0.0858|1|2024-04-21 23:51:49
94739000|0.0085|1|2024-04-21 23:51:49
94740000|0.0106|1|2024-04-21 23:51:49
94748000|0.0002|1|2024-04-21 23:51:49
94755000|0.0617|1|2024-04-21 23:51:49
94711000|0.0002|0|2024-04-21 23:51:54
94710000|0.0622|0|2024-04-21 23:51:54
94709000|0.0433|0|2024-04-21 23:51:54
94708000|0.0496|0|2024-04-21 23:51:54
94706000|0.0003|0|2024-04-21 23:51:54
94717000|0.0858|1|2024-04-21 23:51:54
94736000|0.0085|1|2024-04-21 23:51:54
94740000|0.0106|1|2024-04-21 23:51:54
94748000|0.0002|1|2024-04-21 23:51:54
94755000|0.0617|1|2024-04-21 23:51:54
94711000|0.0326|0|2024-04-21 23:51:59
94710000|0.0622|0|2024-04-21 23:51:59
94709000|0.0433|0|2024-04-21 23:51:59
94708000|0.0496|0|2024-04-21 23:51:59
94706000|0.0003|0|2024-04-21 23:51:59
94716000|0.0932|1|2024-04-21 23:51:59
94717000|0.0856|1|2024-04-21 23:51:59
94736000|0.0085|1|2024-04-21 23:51:59
94740000|0.0106|1|2024-04-21 23:51:59
94748000|0.0002|1|2024-04-21 23:51:59
94711000|0.0326|0|2024-04-21 23:52:04
94710000|0.0622|0|2024-04-21 23:52:04
94709000|0.0433|0|2024-04-21 23:52:04
94708000|0.0496|0|2024-04-21 23:52:04
94706000|0.0003|0|2024-04-21 23:52:04
94716000|0.0002|1|2024-04-21 23:52:04
94717000|0.1014|1|2024-04-21 23:52:04
94734000|0.0085|1|2024-04-21 23:52:04
94740000|0.0106|1|2024-04-21 23:52:04
94748000|0.0002|1|2024-04-21 23:52:04
94709000|0.0433|0|2024-04-21 23:52:09
94708000|0.0496|0|2024-04-21 23:52:09
94706000|0.0003|0|2024-04-21 23:52:09
94705000|0.0004|0|2024-04-21 23:52:09
94704000|0.0316|0|2024-04-21 23:52:09
94710000|0.0|1|2024-04-21 23:52:09
94717000|0.1014|1|2024-04-21 23:52:09
94734000|0.0085|1|2024-04-21 23:52:09
94740000|0.0106|1|2024-04-21 23:52:09
94741000|0.0002|1|2024-04-21 23:52:09
94717000|0.0736|0|2024-04-21 23:52:14
94713000|0.0346|0|2024-04-21 23:52:14
94709000|0.0318|0|2024-04-21 23:52:14
94708000|0.0496|0|2024-04-21 23:52:14
94706000|0.0003|0|2024-04-21 23:52:14
94740000|0.0106|1|2024-04-21 23:52:14
94741000|0.0002|1|2024-04-21 23:52:14
94748000|0.0002|1|2024-04-21 23:52:14
94756000|0.0457|1|2024-04-21 23:52:14
94768000|0.0218|1|2024-04-21 23:52:14
94719000|0.0007|0|2024-04-21 23:52:19
94718000|0.0798|0|2024-04-21 23:52:19
94717000|0.0087|0|2024-04-21 23:52:19
94716000|0.0121|0|2024-04-21 23:52:19
94715000|0.0238|0|2024-04-21 23:52:19
94740000|0.0106|1|2024-04-21 23:52:19
94741000|0.0002|1|2024-04-21 23:52:19
94748000|0.0002|1|2024-04-21 23:52:19
94756000|0.0457|1|2024-04-21 23:52:19
94768000|0.0218|1|2024-04-21 23:52:19
94719000|0.0009|0|2024-04-21 23:52:24
94717000|0.0086|0|2024-04-21 23:52:24
94716000|0.0121|0|2024-04-21 23:52:24
94715000|0.0238|0|2024-04-21 23:52:24
94714000|0.025|0|2024-04-21 23:52:24
94735000|0.0085|1|2024-04-21 23:52:24
94740000|0.0106|1|2024-04-21 23:52:24
94741000|0.0002|1|2024-04-21 23:52:24
94748000|0.0002|1|2024-04-21 23:52:24
94756000|0.0457|1|2024-04-21 23:52:24
94719000|0.0002|0|2024-04-21 23:52:29
94717000|0.0086|0|2024-04-21 23:52:29
94716000|0.0121|0|2024-04-21 23:52:29
94715000|0.1005|0|2024-04-21 23:52:29
94714000|0.025|0|2024-04-21 23:52:29
94735000|0.0085|1|2024-04-21 23:52:29
94740000|0.0106|1|2024-04-21 23:52:29
94741000|0.0002|1|2024-04-21 23:52:29
94748000|0.0002|1|2024-04-21 23:52:29
94756000|0.0457|1|2024-04-21 23:52:29
94735000|0.1385|0|2024-04-21 23:52:34
94718000|0.0767|0|2024-04-21 23:52:34
94717000|0.0169|0|2024-04-21 23:52:34
94716000|0.012|0|2024-04-21 23:52:34
94715000|0.0237|0|2024-04-21 23:52:34
94740000|0.0116|1|2024-04-21 23:52:34
94741000|0.0002|1|2024-04-21 23:52:34
94748000|0.0002|1|2024-04-21 23:52:34
94756000|0.0457|1|2024-04-21 23:52:34
94768000|0.0218|1|2024-04-21 23:52:34
94737000|0.0086|0|2024-04-21 23:52:39
94736000|0.012|0|2024-04-21 23:52:39
94735000|0.1387|0|2024-04-21 23:52:39
94733000|0.0346|0|2024-04-21 23:52:39
94730000|0.0015|0|2024-04-21 23:52:39
94740000|0.0116|1|2024-04-21 23:52:39
94741000|0.0002|1|2024-04-21 23:52:39
94748000|0.0002|1|2024-04-21 23:52:39
94756000|0.0457|1|2024-04-21 23:52:39
94768000|0.0218|1|2024-04-21 23:52:39
94776000|0.003|0|2024-04-21 23:52:44
94775000|0.0344|0|2024-04-21 23:52:44
94770000|0.0001|0|2024-04-21 23:52:44
94768000|0.0317|0|2024-04-21 23:52:44
94767000|0.0714|0|2024-04-21 23:52:44
94780000|0.0002|1|2024-04-21 23:52:44
94783000|0.0002|1|2024-04-21 23:52:44
94787000|0.1053|1|2024-04-21 23:52:44
94796000|0.0002|1|2024-04-21 23:52:44
94800000|0.0005|1|2024-04-21 23:52:44
94776000|0.0002|0|2024-04-21 23:52:49
94769000|0.003|0|2024-04-21 23:52:49
94768000|0.0345|0|2024-04-21 23:52:49
94767000|0.0002|0|2024-04-21 23:52:49
94766000|0.0001|0|2024-04-21 23:52:49
94780000|0.0002|1|2024-04-21 23:52:49
94783000|0.0002|1|2024-04-21 23:52:49
94796000|0.0002|1|2024-04-21 23:52:49
94800000|0.0005|1|2024-04-21 23:52:49
94805000|0.0019|1|2024-04-21 23:52:49
94777000|0.0324|0|2024-04-21 23:52:54
94776000|0.3322|0|2024-04-21 23:52:54
94775000|0.0032|0|2024-04-21 23:52:54
94774000|0.0344|0|2024-04-21 23:52:54
94770000|0.03|0|2024-04-21 23:52:54
94780000|0.0002|1|2024-04-21 23:52:54
94783000|0.0002|1|2024-04-21 23:52:54
94796000|0.0002|1|2024-04-21 23:52:54
94800000|0.0005|1|2024-04-21 23:52:54
94805000|0.0019|1|2024-04-21 23:52:54
94777000|0.0329|0|2024-04-21 23:52:59
94776000|0.332|0|2024-04-21 23:52:59
94775000|0.0032|0|2024-04-21 23:52:59
94774000|0.0344|0|2024-04-21 23:52:59
94770000|0.03|0|2024-04-21 23:52:59
94780000|0.0002|1|2024-04-21 23:52:59
94783000|0.0002|1|2024-04-21 23:52:59
94796000|0.0002|1|2024-04-21 23:52:59
94800000|0.0005|1|2024-04-21 23:52:59
94805000|0.0019|1|2024-04-21 23:52:59
94777000|0.0329|0|2024-04-21 23:53:04
94775000|0.0032|0|2024-04-21 23:53:04
94774000|0.0344|0|2024-04-21 23:53:04
94771000|0.0233|0|2024-04-21 23:53:04
94770000|0.03|0|2024-04-21 23:53:04
94780000|0.0002|1|2024-04-21 23:53:04
94783000|0.0002|1|2024-04-21 23:53:04
94796000|0.0002|1|2024-04-21 23:53:04
94800000|0.0005|1|2024-04-21 23:53:04
94805000|0.0019|1|2024-04-21 23:53:04
94786000|0.0001|0|2024-04-21 23:53:09
94784000|0.0002|0|2024-04-21 23:53:09
94780000|0.0535|0|2024-04-21 23:53:09
94779000|0.0261|0|2024-04-21 23:53:09
94778000|0.0222|0|2024-04-21 23:53:09
94827000|0.2145|1|2024-04-21 23:53:09
94835000|0.2703|1|2024-04-21 23:53:09
94837000|0.0603|1|2024-04-21 23:53:09
94844000|0.0119|1|2024-04-21 23:53:09
94847000|0.0121|1|2024-04-21 23:53:09
94806000|0.0001|0|2024-04-21 23:53:14
94796000|0.0001|0|2024-04-21 23:53:14
94795000|0.0285|0|2024-04-21 23:53:14
94787000|0.0002|0|2024-04-21 23:53:14
94786000|0.0505|0|2024-04-21 23:53:14
94827000|0.2145|1|2024-04-21 23:53:14
94835000|0.2703|1|2024-04-21 23:53:14
94848000|0.0002|1|2024-04-21 23:53:14
94852000|0.0001|1|2024-04-21 23:53:14
94857000|0.064|1|2024-04-21 23:53:14
94806000|0.0911|0|2024-04-21 23:53:19
94804000|0.0261|0|2024-04-21 23:53:19
94803000|0.0222|0|2024-04-21 23:53:19
94802000|0.0705|0|2024-04-21 23:53:19
94801000|0.0396|0|2024-04-21 23:53:19
94827000|0.1631|1|2024-04-21 23:53:19
94835000|0.2703|1|2024-04-21 23:53:19
94848000|0.0002|1|2024-04-21 23:53:19
94852000|0.0001|1|2024-04-21 23:53:19
94859000|0.0829|1|2024-04-21 23:53:19
94806000|0.1094|0|2024-04-21 23:53:24
94804000|0.0261|0|2024-04-21 23:53:24
94803000|0.0222|0|2024-04-21 23:53:24
94802000|0.0528|0|2024-04-21 23:53:24
94801000|0.0396|0|2024-04-21 23:53:24
94827000|0.1631|1|2024-04-21 23:53:24
94835000|0.2703|1|2024-04-21 23:53:24
94848000|0.0002|1|2024-04-21 23:53:24
94859000|0.0829|1|2024-04-21 23:53:24
94865000|0.1053|1|2024-04-21 23:53:24
94806000|0.0003|0|2024-04-21 23:53:29
94801000|0.028|0|2024-04-21 23:53:29
94799000|0.0001|0|2024-04-21 23:53:29
94798000|0.0095|0|2024-04-21 23:53:29
94795000|0.0004|0|2024-04-21 23:53:29
94827000|0.1632|1|2024-04-21 23:53:29
94835000|0.2703|1|2024-04-21 23:53:29
94848000|0.0009|1|2024-04-21 23:53:29
94859000|0.0829|1|2024-04-21 23:53:29
94866000|0.0001|1|2024-04-21 23:53:29
94806000|0.0003|0|2024-04-21 23:53:34
94801000|0.0524|0|2024-04-21 23:53:34
94800000|0.0387|0|2024-04-21 23:53:34
94799000|0.0001|0|2024-04-21 23:53:34
94798000|0.0581|0|2024-04-21 23:53:34
94827000|0.1632|1|2024-04-21 23:53:34
94835000|0.2703|1|2024-04-21 23:53:34
94848000|0.0009|1|2024-04-21 23:53:34
94855000|0.1053|1|2024-04-21 23:53:34
94859000|0.0829|1|2024-04-21 23:53:34
94806000|0.0004|0|2024-04-21 23:53:39
94795000|0.0002|0|2024-04-21 23:53:39
94790000|0.0912|0|2024-04-21 23:53:39
94788000|0.0261|0|2024-04-21 23:53:39
94787000|0.0224|0|2024-04-21 23:53:39
94827000|0.1772|1|2024-04-21 23:53:39
94835000|0.2703|1|2024-04-21 23:53:39
94848000|0.0009|1|2024-04-21 23:53:39
94852000|0.0086|1|2024-04-21 23:53:39
94853000|0.0119|1|2024-04-21 23:53:39
94806000|0.0348|0|2024-04-21 23:53:44
94795000|0.0002|0|2024-04-21 23:53:44
94790000|0.1092|0|2024-04-21 23:53:44
94788000|0.0261|0|2024-04-21 23:53:44
94787000|0.0222|0|2024-04-21 23:53:44
94827000|0.1775|1|2024-04-21 23:53:44
94835000|0.2703|1|2024-04-21 23:53:44
94848000|0.0009|1|2024-04-21 23:53:44
94852000|0.0086|1|2024-04-21 23:53:44
94853000|0.0119|1|2024-04-21 23:53:44
94806000|0.0306|0|2024-04-21 23:53:49
94795000|0.0003|0|2024-04-21 23:53:49
94790000|0.0914|0|2024-04-21 23:53:49
94788000|0.0261|0|2024-04-21 23:53:49
94787000|0.0222|0|2024-04-21 23:53:49
94827000|0.2503|1|2024-04-21 23:53:49
94835000|0.2703|1|2024-04-21 23:53:49
94848000|0.0009|1|2024-04-21 23:53:49
94852000|0.0086|1|2024-04-21 23:53:49
94853000|0.0119|1|2024-04-21 23:53:49
94806000|0.0242|0|2024-04-21 23:53:54
94795000|0.0003|0|2024-04-21 23:53:54
94785000|0.0083|0|2024-04-21 23:53:54
94777000|0.0065|0|2024-04-21 23:53:54
94769000|0.0001|0|2024-04-21 23:53:54
94826000|0.0222|1|2024-04-21 23:53:54
94827000|0.25|1|2024-04-21 23:53:54
94834000|0.057|1|2024-04-21 23:53:54
94835000|0.2703|1|2024-04-21 23:53:54
94836000|0.0121|1|2024-04-21 23:53:54
94764000|0.0005|0|2024-04-21 23:53:59
94757000|0.0282|0|2024-04-21 23:53:59
94756000|0.0632|0|2024-04-21 23:53:59
94755000|0.0261|0|2024-04-21 23:53:59
94754000|0.032|0|2024-04-21 23:53:59
94777000|0.0011|1|2024-04-21 23:53:59
94808000|0.0086|1|2024-04-21 23:53:59
94818000|0.0086|1|2024-04-21 23:53:59
94819000|0.0119|1|2024-04-21 23:53:59
94821000|0.0009|1|2024-04-21 23:53:59
94765000|0.0008|0|2024-04-21 23:54:04
94764000|0.0005|0|2024-04-21 23:54:04
94759000|0.0019|0|2024-04-21 23:54:04
94757000|0.046|0|2024-04-21 23:54:04
94756000|0.0632|0|2024-04-21 23:54:04
94818000|0.0088|1|2024-04-21 23:54:04
94819000|0.01|1|2024-04-21 23:54:04
94821000|0.0009|1|2024-04-21 23:54:04
94823000|0.0121|1|2024-04-21 23:54:04
94824000|0.1053|1|2024-04-21 23:54:04
94778000|0.0019|0|2024-04-21 23:54:09
94774000|0.0912|0|2024-04-21 23:54:09
94773000|0.0222|0|2024-04-21 23:54:09
94772000|0.0781|0|2024-04-21 23:54:09
94771000|0.0563|0|2024-04-21 23:54:09
94810000|0.0086|1|2024-04-21 23:54:09
94826000|0.0122|1|2024-04-21 23:54:09
94827000|0.25|1|2024-04-21 23:54:09
94829000|0.1053|1|2024-04-21 23:54:09
94834000|0.057|1|2024-04-21 23:54:09
94786000|0.0173|0|2024-04-21 23:54:14
94784000|0.0446|0|2024-04-21 23:54:14
94783000|0.0483|0|2024-04-21 23:54:14
94782000|0.0556|0|2024-04-21 23:54:14
94781000|0.0529|0|2024-04-21 23:54:14
94810000|0.0086|1|2024-04-21 23:54:14
94826000|0.0002|1|2024-04-21 23:54:14
94827000|0.25|1|2024-04-21 23:54:14
94835000|0.2703|1|2024-04-21 23:54:14
94836000|0.0002|1|2024-04-21 23:54:14
94803000|0.0368|0|2024-04-21 23:54:19
94802000|0.0482|0|2024-04-21 23:54:19
94801000|0.0343|0|2024-04-21 23:54:19
94800000|0.0528|0|2024-04-21 23:54:19
94799000|0.0693|0|2024-04-21 23:54:19
94810000|0.0003|1|2024-04-21 23:54:19
94812000|0.0083|1|2024-04-21 23:54:19
94826000|0.0002|1|2024-04-21 23:54:19
94827000|0.25|1|2024-04-21 23:54:19
94835000|0.2703|1|2024-04-21 23:54:19
94810000|0.2877|0|2024-04-21 23:54:24
94795000|0.0002|0|2024-04-21 23:54:24
94792000|0.0315|0|2024-04-21 23:54:24
94790000|0.0493|0|2024-04-21 23:54:24
94789000|0.054|0|2024-04-21 23:54:24
94812000|0.0083|1|2024-04-21 23:54:24
94826000|0.0002|1|2024-04-21 23:54:24
94827000|0.25|1|2024-04-21 23:54:24
94835000|0.2703|1|2024-04-21 23:54:24
94836000|0.0002|1|2024-04-21 23:54:24
94810000|0.1694|0|2024-04-21 23:54:29
94795000|0.0002|0|2024-04-21 23:54:29
94794000|0.0007|0|2024-04-21 23:54:29
94793000|0.0164|0|2024-04-21 23:54:29
94792000|0.0315|0|2024-04-21 23:54:29
94814000|0.0078|1|2024-04-21 23:54:29
94826000|0.0002|1|2024-04-21 23:54:29
94827000|0.25|1|2024-04-21 23:54:29
94835000|0.2703|1|2024-04-21 23:54:29
94836000|0.0002|1|2024-04-21 23:54:29
94810000|0.1617|0|2024-04-21 23:54:34
94795000|0.0002|0|2024-04-21 23:54:34
94794000|0.0007|0|2024-04-21 23:54:34
94793000|0.0173|0|2024-04-21 23:54:34
94792000|0.0317|0|2024-04-21 23:54:34
94814000|0.0078|1|2024-04-21 23:54:34
94826000|0.0002|1|2024-04-21 23:54:34
94827000|0.25|1|2024-04-21 23:54:34
94835000|0.2703|1|2024-04-21 23:54:34
94836000|0.0002|1|2024-04-21 23:54:34
94810000|0.1296|0|2024-04-21 23:54:39
94796000|0.0007|0|2024-04-21 23:54:39
94795000|0.0002|0|2024-04-21 23:54:39
94792000|0.0211|0|2024-04-21 23:54:39
94788000|0.0211|0|2024-04-21 23:54:39
94814000|0.0078|1|2024-04-21 23:54:39
94815000|0.0042|1|2024-04-21 23:54:39
94826000|0.0002|1|2024-04-21 23:54:39
94827000|0.25|1|2024-04-21 23:54:39
94835000|0.2703|1|2024-04-21 23:54:39
94810000|0.1466|0|2024-04-21 23:54:44
94796000|0.0007|0|2024-04-21 23:54:44
94795000|0.0002|0|2024-04-21 23:54:44
94792000|0.0211|0|2024-04-21 23:54:44
94788000|0.0211|0|2024-04-21 23:54:44
94815000|0.0042|1|2024-04-21 23:54:44
94826000|0.0002|1|2024-04-21 23:54:44
94827000|0.25|1|2024-04-21 23:54:44
94832000|0.0386|1|2024-04-21 23:54:44
94835000|0.2822|1|2024-04-21 23:54:44
94810000|0.1401|0|2024-04-21 23:54:49
94797000|0.0007|0|2024-04-21 23:54:49
94796000|0.0211|0|2024-04-21 23:54:49
94795000|0.0002|0|2024-04-21 23:54:49
94792000|0.0211|0|2024-04-21 23:54:49
94815000|0.0042|1|2024-04-21 23:54:49
94826000|0.0002|1|2024-04-21 23:54:49
94827000|0.25|1|2024-04-21 23:54:49
94832000|0.0386|1|2024-04-21 23:54:49
94835000|0.2822|1|2024-04-21 23:54:49
94810000|0.0562|0|2024-04-21 23:54:54
94809000|0.001|0|2024-04-21 23:54:54
94797000|0.0007|0|2024-04-21 23:54:54
94796000|0.0211|0|2024-04-21 23:54:54
94795000|0.0002|0|2024-04-21 23:54:54
94815000|0.0042|1|2024-04-21 23:54:54
94818000|0.0078|1|2024-04-21 23:54:54
94826000|0.0002|1|2024-04-21 23:54:54
94827000|0.25|1|2024-04-21 23:54:54
94835000|0.2703|1|2024-04-21 23:54:54
94810000|0.0512|0|2024-04-21 23:54:59
94809000|0.001|0|2024-04-21 23:54:59
94799000|0.0007|0|2024-04-21 23:54:59
94796000|0.0211|0|2024-04-21 23:54:59
94795000|0.0002|0|2024-04-21 23:54:59
94815000|0.0042|1|2024-04-21 23:54:59
94818000|0.0078|1|2024-04-21 23:54:59
94826000|0.0002|1|2024-04-21 23:54:59
94827000|0.25|1|2024-04-21 23:54:59
94835000|0.2703|1|2024-04-21 23:54:59
94810000|0.0002|0|2024-04-21 23:55:04
94809000|0.001|0|2024-04-21 23:55:04
94799000|0.0007|0|2024-04-21 23:55:04
94796000|0.0211|0|2024-04-21 23:55:04
94795000|0.0002|0|2024-04-21 23:55:04
94827000|0.1915|1|2024-04-21 23:55:04
94835000|0.2703|1|2024-04-21 23:55:04
94836000|0.0002|1|2024-04-21 23:55:04
94837000|0.0555|1|2024-04-21 23:55:04
94838000|0.0472|1|2024-04-21 23:55:04
94801000|0.0077|0|2024-04-21 23:55:09
94796000|0.0139|0|2024-04-21 23:55:09
94795000|0.0002|0|2024-04-21 23:55:09
94786000|0.0211|0|2024-04-21 23:55:09
94784000|0.0001|0|2024-04-21 23:55:09
94827000|0.1917|1|2024-04-21 23:55:09
94835000|0.2703|1|2024-04-21 23:55:09
94836000|0.0002|1|2024-04-21 23:55:09
94837000|0.0555|1|2024-04-21 23:55:09
94838000|0.0086|1|2024-04-21 23:55:09
94801000|0.0077|0|2024-04-21 23:55:14
94796000|0.0139|0|2024-04-21 23:55:14
94795000|0.0002|0|2024-04-21 23:55:14
94786000|0.0211|0|2024-04-21 23:55:14
94784000|0.0001|0|2024-04-21 23:55:14
94827000|0.1781|1|2024-04-21 23:55:14
94835000|0.4044|1|2024-04-21 23:55:14
94836000|0.0002|1|2024-04-21 23:55:14
94837000|0.0555|1|2024-04-21 23:55:14
94838000|0.0086|1|2024-04-21 23:55:14
94800000|0.0001|0|2024-04-21 23:55:19
94796000|0.0139|0|2024-04-21 23:55:19
94795000|0.0002|0|2024-04-21 23:55:19
94786000|0.0211|0|2024-04-21 23:55:19
94784000|0.0001|0|2024-04-21 23:55:19
94824000|0.0017|1|2024-04-21 23:55:19
94827000|0.1779|1|2024-04-21 23:55:19
94835000|0.4044|1|2024-04-21 23:55:19
94836000|0.0002|1|2024-04-21 23:55:19
94837000|0.0555|1|2024-04-21 23:55:19
94824000|0.0051|0|2024-04-21 23:55:24
94804000|0.0008|0|2024-04-21 23:55:24
94801000|0.0411|0|2024-04-21 23:55:24
94800000|0.0001|0|2024-04-21 23:55:24
94796000|0.0139|0|2024-04-21 23:55:24
94827000|0.1779|1|2024-04-21 23:55:24
94835000|0.443|1|2024-04-21 23:55:24
94836000|0.0242|1|2024-04-21 23:55:24
94837000|0.0793|1|2024-04-21 23:55:24
94838000|0.0173|1|2024-04-21 23:55:24
94796000|0.0087|0|2024-04-21 23:55:29
94795000|0.0002|0|2024-04-21 23:55:29
94786000|0.0211|0|2024-04-21 23:55:29
94784000|0.0001|0|2024-04-21 23:55:29
94782000|0.0214|0|2024-04-21 23:55:29
94827000|0.1674|1|2024-04-21 23:55:29
94828000|0.0472|1|2024-04-21 23:55:29
94829000|0.0119|1|2024-04-21 23:55:29
94830000|0.0121|1|2024-04-21 23:55:29
94831000|0.0238|1|2024-04-21 23:55:29
94807000|0.0411|0|2024-04-21 23:55:34
94796000|0.007|0|2024-04-21 23:55:34
94795000|0.0002|0|2024-04-21 23:55:34
94786000|0.0211|0|2024-04-21 23:55:34
94784000|0.0001|0|2024-04-21 23:55:34
94820000|0.0472|1|2024-04-21 23:55:34
94821000|0.024|1|2024-04-21 23:55:34
94823000|0.0238|1|2024-04-21 23:55:34
94824000|0.0087|1|2024-04-21 23:55:34
94825000|0.0255|1|2024-04-21 23:55:34
94796000|0.0069|0|2024-04-21 23:55:39
94795000|0.0002|0|2024-04-21 23:55:39
94786000|0.0211|0|2024-04-21 23:55:39
94784000|0.0001|0|2024-04-21 23:55:39
94782000|0.0214|0|2024-04-21 23:55:39
94805000|0.0465|1|2024-04-21 23:55:39
94806000|0.024|1|2024-04-21 23:55:39
94807000|0.003|1|2024-04-21 23:55:39
94808000|0.0325|1|2024-04-21 23:55:39
94810000|0.025|1|2024-04-21 23:55:39
94796000|0.0069|0|2024-04-21 23:55:44
94795000|0.0002|0|2024-04-21 23:55:44
94786000|0.0211|0|2024-04-21 23:55:44
94784000|0.0001|0|2024-04-21 23:55:44
94782000|0.0214|0|2024-04-21 23:55:44
94805000|0.0465|1|2024-04-21 23:55:44
94806000|0.024|1|2024-04-21 23:55:44
94808000|0.0325|1|2024-04-21 23:55:44
94810000|0.025|1|2024-04-21 23:55:44
94812000|0.0133|1|2024-04-21 23:55:44
94796000|0.0341|0|2024-04-21 23:55:49
94795000|0.0002|0|2024-04-21 23:55:49
94786000|0.0211|0|2024-04-21 23:55:49
94784000|0.0001|0|2024-04-21 23:55:49
94782000|0.0214|0|2024-04-21 23:55:49
94805000|0.0464|1|2024-04-21 23:55:49
94806000|0.024|1|2024-04-21 23:55:49
94808000|0.0325|1|2024-04-21 23:55:49
94810000|0.025|1|2024-04-21 23:55:49
94812000|0.0133|1|2024-04-21 23:55:49
94796000|0.0192|0|2024-04-21 23:55:54
94795000|0.0002|0|2024-04-21 23:55:54
94786000|0.0211|0|2024-04-21 23:55:54
94784000|0.0001|0|2024-04-21 23:55:54
94782000|0.0214|0|2024-04-21 23:55:54
94805000|0.0416|1|2024-04-21 23:55:54
94806000|0.024|1|2024-04-21 23:55:54
94808000|0.0325|1|2024-04-21 23:55:54
94810000|0.025|1|2024-04-21 23:55:54
94812000|0.0133|1|2024-04-21 23:55:54
94796000|0.0192|0|2024-04-21 23:55:59
94795000|0.0002|0|2024-04-21 23:55:59
94786000|0.0211|0|2024-04-21 23:55:59
94784000|0.0001|0|2024-04-21 23:55:59
94782000|0.0214|0|2024-04-21 23:55:59
94805000|0.0416|1|2024-04-21 23:55:59
94806000|0.024|1|2024-04-21 23:55:59
94808000|0.0325|1|2024-04-21 23:55:59
94810000|0.025|1|2024-04-21 23:55:59
94812000|0.0133|1|2024-04-21 23:55:59
94796000|0.0173|0|2024-04-21 23:56:04
94795000|0.0002|0|2024-04-21 23:56:04
94786000|0.0211|0|2024-04-21 23:56:04
94784000|0.0001|0|2024-04-21 23:56:04
94782000|0.0214|0|2024-04-21 23:56:04
94806000|0.0205|1|2024-04-21 23:56:04
94807000|0.0365|1|2024-04-21 23:56:04
94822000|0.1003|1|2024-04-21 23:56:04
94823000|0.3742|1|2024-04-21 23:56:04
94827000|0.2573|1|2024-04-21 23:56:04
94796000|0.0173|0|2024-04-21 23:56:09
94795000|0.0002|0|2024-04-21 23:56:09
94786000|0.0211|0|2024-04-21 23:56:09
94784000|0.0001|0|2024-04-21 23:56:09
94782000|0.0214|0|2024-04-21 23:56:09
94799000|0.0205|1|2024-04-21 23:56:09
94817000|0.1004|1|2024-04-21 23:56:09
94818000|0.0347|1|2024-04-21 23:56:09
94820000|0.1053|1|2024-04-21 23:56:09
94823000|0.3395|1|2024-04-21 23:56:09
94796000|0.0087|0|2024-04-21 23:56:14
94795000|0.0002|0|2024-04-21 23:56:14
94784000|0.0001|0|2024-04-21 23:56:14
94782000|0.0214|0|2024-04-21 23:56:14
94772000|0.0211|0|2024-04-21 23:56:14
94809000|0.0205|1|2024-04-21 23:56:14
94821000|0.001|1|2024-04-21 23:56:14
94826000|0.1001|1|2024-04-21 23:56:14
94827000|0.152|1|2024-04-21 23:56:14
94828000|0.0347|1|2024-04-21 23:56:14
94790000|0.0032|0|2024-04-21 23:56:19
94784000|0.0001|0|2024-04-21 23:56:19
94782000|0.0214|0|2024-04-21 23:56:19
94772000|0.0211|0|2024-04-21 23:56:19
94766000|0.0052|0|2024-04-21 23:56:19
94799000|0.0205|1|2024-04-21 23:56:19
94818000|0.0347|1|2024-04-21 23:56:19
94821000|0.0864|1|2024-04-21 23:56:19
94822000|0.332|1|2024-04-21 23:56:19
94827000|0.152|1|2024-04-21 23:56:19
94782000|0.0003|0|2024-04-21 23:56:24
94772000|0.0211|0|2024-04-21 23:56:24
94766000|0.0052|0|2024-04-21 23:56:24
94765000|0.01|0|2024-04-21 23:56:24
94764000|0.0|0|2024-04-21 23:56:24
94785000|0.0204|1|2024-04-21 23:56:24
94810000|0.1053|1|2024-04-21 23:56:24
94814000|0.0853|1|2024-04-21 23:56:24
94819000|0.0074|1|2024-04-21 23:56:24
94821000|0.1341|1|2024-04-21 23:56:24
94772000|0.0157|0|2024-04-21 23:56:29
94766000|0.0052|0|2024-04-21 23:56:29
94765000|0.01|0|2024-04-21 23:56:29
94764000|0.0|0|2024-04-21 23:56:29
94758000|0.0001|0|2024-04-21 23:56:29
94785000|0.0198|1|2024-04-21 23:56:29
94794000|0.332|1|2024-04-21 23:56:29
94804000|0.0347|1|2024-04-21 23:56:29
94809000|0.0157|1|2024-04-21 23:56:29
94815000|0.0607|1|2024-04-21 23:56:29
94772000|0.0164|0|2024-04-21 23:56:34
94766000|0.0052|0|2024-04-21 23:56:34
94765000|0.01|0|2024-04-21 23:56:34
94764000|0.0|0|2024-04-21 23:56:34
94758000|0.0001|0|2024-04-21 23:56:34
94785000|0.0198|1|2024-04-21 23:56:34
94794000|0.332|1|2024-04-21 23:56:34
94804000|0.0347|1|2024-04-21 23:56:34
94809000|0.0157|1|2024-04-21 23:56:34
94811000|0.1053|1|2024-04-21 23:56:34
94780000|0.0044|0|2024-04-21 23:56:39
94772000|0.0036|0|2024-04-21 23:56:39
94766000|0.0052|0|2024-04-21 23:56:39
94765000|0.01|0|2024-04-21 23:56:39
94764000|0.0|0|2024-04-21 23:56:39
94785000|0.0198|1|2024-04-21 23:56:39
94794000|0.332|1|2024-04-21 23:56:39
94804000|0.0347|1|2024-04-21 23:56:39
94808000|0.01|1|2024-04-21 23:56:39
94810000|0.1053|1|2024-04-21 23:56:39
94780000|0.0031|0|2024-04-21 23:56:44
94772000|0.0036|0|2024-04-21 23:56:44
94766000|0.0052|0|2024-04-21 23:56:44
94765000|0.01|0|2024-04-21 23:56:44
94764000|0.0|0|2024-04-21 23:56:44
94785000|0.0198|1|2024-04-21 23:56:44
94794000|0.332|1|2024-04-21 23:56:44
94804000|0.0347|1|2024-04-21 23:56:44
94808000|0.1153|1|2024-04-21 23:56:44
94811000|0.0084|1|2024-04-21 23:56:44
94780000|0.0|0|2024-04-21 23:56:49
94772000|0.0036|0|2024-04-21 23:56:49
94766000|0.0052|0|2024-04-21 23:56:49
94765000|0.01|0|2024-04-21 23:56:49
94764000|0.0|0|2024-04-21 23:56:49
94785000|0.0115|1|2024-04-21 23:56:49
94794000|0.332|1|2024-04-21 23:56:49
94804000|0.0347|1|2024-04-21 23:56:49
94807000|0.1053|1|2024-04-21 23:56:49
94808000|0.0061|1|2024-04-21 23:56:49
94785000|0.0991|0|2024-04-21 23:56:54
94772000|0.0002|0|2024-04-21 23:56:54
94766000|0.0152|0|2024-04-21 23:56:54
94765000|0.02|0|2024-04-21 23:56:54
94764000|0.0|0|2024-04-21 23:56:54
94812000|0.1062|1|2024-04-21 23:56:54
94815000|0.0607|1|2024-04-21 23:56:54
94821000|0.1341|1|2024-04-21 23:56:54
94822000|0.0002|1|2024-04-21 23:56:54
94827000|0.152|1|2024-04-21 23:56:54
94785000|0.0943|0|2024-04-21 23:56:59
94772000|0.0002|0|2024-04-21 23:56:59
94766000|0.0052|0|2024-04-21 23:56:59
94765000|0.01|0|2024-04-21 23:56:59
94764000|0.0|0|2024-04-21 23:56:59
94794000|0.0116|1|2024-04-21 23:56:59
94808000|0.0084|1|2024-04-21 23:56:59
94812000|0.1062|1|2024-04-21 23:56:59
94814000|0.14|1|2024-04-21 23:56:59
94815000|0.0607|1|2024-04-21 23:56:59
94785000|0.0943|0|2024-04-21 23:57:04
94772000|0.0002|0|2024-04-21 23:57:04
94766000|0.0052|0|2024-04-21 23:57:04
94765000|0.01|0|2024-04-21 23:57:04
94764000|0.0|0|2024-04-21 23:57:04
94794000|0.0116|1|2024-04-21 23:57:04
94808000|0.0084|1|2024-04-21 23:57:04
94812000|0.2116|1|2024-04-21 23:57:04
94814000|0.0347|1|2024-04-21 23:57:04
94815000|0.0607|1|2024-04-21 23:57:04
94786000|0.0007|0|2024-04-21 23:57:09
94785000|0.0941|0|2024-04-21 23:57:09
94772000|0.0002|0|2024-04-21 23:57:09
94766000|0.0052|0|2024-04-21 23:57:09
94765000|0.01|0|2024-04-21 23:57:09
94798000|0.0116|1|2024-04-21 23:57:09
94807000|0.0084|1|2024-04-21 23:57:09
94814000|0.0347|1|2024-04-21 23:57:09
94815000|0.0607|1|2024-04-21 23:57:09
94821000|0.1341|1|2024-04-21 23:57:09
94752000|0.0318|0|2024-04-21 23:57:14
94725000|0.0005|0|2024-04-21 23:57:14
94721000|0.0154|0|2024-04-21 23:57:14
94720000|0.0101|0|2024-04-21 23:57:14
94719000|0.0643|0|2024-04-21 23:57:14
94779000|0.0067|1|2024-04-21 23:57:14
94780000|0.0473|1|2024-04-21 23:57:14
94781000|0.0355|1|2024-04-21 23:57:14
94783000|0.0798|1|2024-04-21 23:57:14
94786000|0.0247|1|2024-04-21 23:57:14
94752000|0.0318|0|2024-04-21 23:57:19
94725000|0.0005|0|2024-04-21 23:57:19
94721000|0.0154|0|2024-04-21 23:57:19
94720000|0.0101|0|2024-04-21 23:57:19
94719000|0.0645|0|2024-04-21 23:57:19
94779000|0.1129|1|2024-04-21 23:57:19
94780000|0.0473|1|2024-04-21 23:57:19
94781000|0.0355|1|2024-04-21 23:57:19
94783000|0.0798|1|2024-04-21 23:57:19
94786000|0.0247|1|2024-04-21 23:57:19
94752000|0.0317|0|2024-04-21 23:57:24
94725000|0.0005|0|2024-04-21 23:57:24
94721000|0.0155|0|2024-04-21 23:57:24
94720000|0.0101|0|2024-04-21 23:57:24
94719000|0.0645|0|2024-04-21 23:57:24
94779000|0.1128|1|2024-04-21 23:57:24
94780000|0.0473|1|2024-04-21 23:57:24
94781000|0.0355|1|2024-04-21 23:57:24
94783000|0.0798|1|2024-04-21 23:57:24
94786000|0.0247|1|2024-04-21 23:57:24
94752000|0.0317|0|2024-04-21 23:57:29
94725000|0.0005|0|2024-04-21 23:57:29
94721000|0.0155|0|2024-04-21 23:57:29
94720000|0.0101|0|2024-04-21 23:57:29
94719000|0.1669|0|2024-04-21 23:57:29
94778000|0.015|1|2024-04-21 23:57:29
94779000|0.1128|1|2024-04-21 23:57:29
94780000|0.0473|1|2024-04-21 23:57:29
94781000|0.0355|1|2024-04-21 23:57:29
94783000|0.0798|1|2024-04-21 23:57:29
94752000|0.0285|0|2024-04-21 23:57:34
94725000|0.0005|0|2024-04-21 23:57:34
94721000|0.0155|0|2024-04-21 23:57:34
94720000|0.0101|0|2024-04-21 23:57:34
94719000|0.0645|0|2024-04-21 23:57:34
94778000|0.015|1|2024-04-21 23:57:34
94779000|0.1128|1|2024-04-21 23:57:34
94780000|0.0473|1|2024-04-21 23:57:34
94781000|0.0355|1|2024-04-21 23:57:34
94783000|0.0798|1|2024-04-21 23:57:34
94752000|0.0285|0|2024-04-21 23:57:39
94725000|0.0059|0|2024-04-21 23:57:39
94724000|0.0001|0|2024-04-21 23:57:39
94723000|0.0002|0|2024-04-21 23:57:39
94722000|0.0003|0|2024-04-21 23:57:39
94778000|0.015|1|2024-04-21 23:57:39
94779000|0.1062|1|2024-04-21 23:57:39
94782000|0.0387|1|2024-04-21 23:57:39
94783000|0.0066|1|2024-04-21 23:57:39
94784000|0.0441|1|2024-04-21 23:57:39
94752000|0.0285|0|2024-04-21 23:57:44
94725000|0.0059|0|2024-04-21 23:57:44
94724000|0.0001|0|2024-04-21 23:57:44
94723000|0.0002|0|2024-04-21 23:57:44
94722000|0.0007|0|2024-04-21 23:57:44
94778000|0.015|1|2024-04-21 23:57:44
94779000|0.1062|1|2024-04-21 23:57:44
94782000|0.0387|1|2024-04-21 23:57:44
94783000|0.0066|1|2024-04-21 23:57:44
94784000|0.0441|1|2024-04-21 23:57:44
94752000|0.0285|0|2024-04-21 23:57:49
94725000|0.0059|0|2024-04-21 23:57:49
94724000|0.0001|0|2024-04-21 23:57:49
94723000|0.0002|0|2024-04-21 23:57:49
94722000|0.0385|0|2024-04-21 23:57:49
94778000|0.015|1|2024-04-21 23:57:49
94782000|0.0387|1|2024-04-21 23:57:49
94783000|0.0066|1|2024-04-21 23:57:49
94784000|0.0441|1|2024-04-21 23:57:49
94786000|0.0798|1|2024-04-21 23:57:49
94752000|0.0285|0|2024-04-21 23:57:54
94741000|0.0152|0|2024-04-21 23:57:54
94739000|0.0003|0|2024-04-21 23:57:54
94734000|0.3575|0|2024-04-21 23:57:54
94730000|0.0457|0|2024-04-21 23:57:54
94778000|0.015|1|2024-04-21 23:57:54
94788000|0.0002|1|2024-04-21 23:57:54
94797000|0.0084|1|2024-04-21 23:57:54
94798000|0.0002|1|2024-04-21 23:57:54
94805000|0.0086|1|2024-04-21 23:57:54
94752000|0.0002|0|2024-04-21 23:57:59
94746000|0.0055|0|2024-04-21 23:57:59
94745000|0.0002|0|2024-04-21 23:57:59
94744000|0.0007|0|2024-04-21 23:57:59
94741000|0.0099|0|2024-04-21 23:57:59
94778000|0.015|1|2024-04-21 23:57:59
94788000|0.0002|1|2024-04-21 23:57:59
94797000|0.0084|1|2024-04-21 23:57:59
94798000|0.0002|1|2024-04-21 23:57:59
94804000|0.0066|1|2024-04-21 23:57:59
94752000|0.0002|0|2024-04-21 23:58:04
94746000|0.0055|0|2024-04-21 23:58:04
94745000|0.0002|0|2024-04-21 23:58:04
94744000|0.0003|0|2024-04-21 23:58:04
94741000|0.0097|0|2024-04-21 23:58:04
94788000|0.0002|1|2024-04-21 23:58:04
94795000|0.0084|1|2024-04-21 23:58:04
94798000|0.0002|1|2024-04-21 23:58:04
94804000|0.0066|1|2024-04-21 23:58:04
94805000|0.0473|1|2024-04-21 23:58:04
94778000|0.0001|0|2024-04-21 23:58:09
94752000|0.0002|0|2024-04-21 23:58:09
94744000|0.0057|0|2024-04-21 23:58:09
94743000|0.0001|0|2024-04-21 23:58:09
94742000|0.0001|0|2024-04-21 23:58:09
94788000|0.0002|1|2024-04-21 23:58:09
94795000|0.0084|1|2024-04-21 23:58:09
94798000|0.0002|1|2024-04-21 23:58:09
94801000|0.0086|1|2024-04-21 23:58:09
94802000|0.0184|1|2024-04-21 23:58:09
94778000|0.0001|0|2024-04-21 23:58:14
94744000|0.0057|0|2024-04-21 23:58:14
94743000|0.0001|0|2024-04-21 23:58:14
94742000|0.0001|0|2024-04-21 23:58:14
94741000|0.0962|0|2024-04-21 23:58:14
94786000|0.0016|1|2024-04-21 23:58:14
94788000|0.0002|1|2024-04-21 23:58:14
94795000|0.0084|1|2024-04-21 23:58:14
94798000|0.0002|1|2024-04-21 23:58:14
94801000|0.0086|1|2024-04-21 23:58:14
94778000|1.2306|0|2024-04-21 23:58:19
94752000|0.3322|0|2024-04-21 23:58:19
94744000|0.0057|0|2024-04-21 23:58:19
94743000|0.0001|0|2024-04-21 23:58:19
94742000|0.0001|0|2024-04-21 23:58:19
94786000|0.0016|1|2024-04-21 23:58:19
94788000|0.0002|1|2024-04-21 23:58:19
94795000|0.0084|1|2024-04-21 23:58:19
94798000|0.0002|1|2024-04-21 23:58:19
94801000|0.0086|1|2024-04-21 23:58:19
94778000|1.2271|0|2024-04-21 23:58:24
94753000|0.0162|0|2024-04-21 23:58:24
94752000|0.0002|0|2024-04-21 23:58:24
94744000|0.0057|0|2024-04-21 23:58:24
94742000|0.0001|0|2024-04-21 23:58:24
94786000|0.0016|1|2024-04-21 23:58:24
94788000|0.0002|1|2024-04-21 23:58:24
94796000|0.0084|1|2024-04-21 23:58:24
94798000|0.0002|1|2024-04-21 23:58:24
94801000|0.0086|1|2024-04-21 23:58:24
94778000|1.2097|0|2024-04-21 23:58:29
94753000|0.0162|0|2024-04-21 23:58:29
94752000|0.0002|0|2024-04-21 23:58:29
94741000|0.0162|0|2024-04-21 23:58:29
94729000|0.0057|0|2024-04-21 23:58:29
94786000|0.0005|1|2024-04-21 23:58:29
94787000|0.0184|1|2024-04-21 23:58:29
94788000|0.0002|1|2024-04-21 23:58:29
94789000|0.0473|1|2024-04-21 23:58:29
94791000|0.025|1|2024-04-21 23:58:29
94780000|0.0164|0|2024-04-21 23:58:34
94778000|1.2095|0|2024-04-21 23:58:34
94753000|0.0162|0|2024-04-21 23:58:34
94752000|0.0002|0|2024-04-21 23:58:34
94742000|0.0576|0|2024-04-21 23:58:34
94786000|0.0005|1|2024-04-21 23:58:34
94788000|0.0002|1|2024-04-21 23:58:34
94789000|0.0086|1|2024-04-21 23:58:34
94792000|0.0086|1|2024-04-21 23:58:34
94793000|0.0184|1|2024-04-21 23:58:34
94780000|0.0001|0|2024-04-21 23:58:39
94778000|1.1197|0|2024-04-21 23:58:39
94753000|0.0162|0|2024-04-21 23:58:39
94752000|0.0002|0|2024-04-21 23:58:39
94742000|0.0576|0|2024-04-21 23:58:39
94786000|0.0005|1|2024-04-21 23:58:39
94788000|0.0002|1|2024-04-21 23:58:39
94789000|0.0086|1|2024-04-21 23:58:39
94793000|0.0184|1|2024-04-21 23:58:39
94794000|0.0237|1|2024-04-21 23:58:39
94780000|0.0285|0|2024-04-21 23:58:44
94778000|0.004|0|2024-04-21 23:58:44
94753000|0.0162|0|2024-04-21 23:58:44
94752000|0.0002|0|2024-04-21 23:58:44
94742000|0.0576|0|2024-04-21 23:58:44
94786000|0.0005|1|2024-04-21 23:58:44
94788000|0.0002|1|2024-04-21 23:58:44
94789000|0.0086|1|2024-04-21 23:58:44
94793000|0.0184|1|2024-04-21 23:58:44
94794000|0.0237|1|2024-04-21 23:58:44
94780000|0.0285|0|2024-04-21 23:58:49
94778000|0.004|0|2024-04-21 23:58:49
94753000|0.0162|0|2024-04-21 23:58:49
94750000|0.001|0|2024-04-21 23:58:49
94742000|0.0576|0|2024-04-21 23:58:49
94786000|0.0005|1|2024-04-21 23:58:49
94788000|0.0002|1|2024-04-21 23:58:49
94789000|0.0086|1|2024-04-21 23:58:49
94793000|0.0184|1|2024-04-21 23:58:49
94794000|0.0237|1|2024-04-21 23:58:49
94753000|0.0162|0|2024-04-21 23:58:54
94750000|0.001|0|2024-04-21 23:58:54
94741000|0.0162|0|2024-04-21 23:58:54
94730000|0.01|0|2024-04-21 23:58:54
94729000|0.01|0|2024-04-21 23:58:54
94771000|0.0239|1|2024-04-21 23:58:54
94772000|0.01|1|2024-04-21 23:58:54
94777000|0.0848|1|2024-04-21 23:58:54
94779000|0.0247|1|2024-04-21 23:58:54
94781000|0.0125|1|2024-04-21 23:58:54
94753000|0.0162|0|2024-04-21 23:58:59
94750000|0.001|0|2024-04-21 23:58:59
