price|quantity|type|timestamp
96518000|0.0001|0|2024-04-24 00:00:03
96514000|0.0347|0|2024-04-24 00:00:03
96513000|0.0524|0|2024-04-24 00:00:03
96512000|0.0259|0|2024-04-24 00:00:03
96511000|0.0242|0|2024-04-24 00:00:03
96534000|0.0013|1|2024-04-24 00:00:03
96535000|0.0825|1|2024-04-24 00:00:03
96540000|0.0228|1|2024-04-24 00:00:03
96550000|0.1035|1|2024-04-24 00:00:03
96553000|0.004|1|2024-04-24 00:00:03
96518000|0.0001|0|2024-04-24 00:00:03
96514000|0.0347|0|2024-04-24 00:00:03
96513000|0.0524|0|2024-04-24 00:00:03
96512000|0.0259|0|2024-04-24 00:00:03
96511000|0.0242|0|2024-04-24 00:00:03
96534000|0.0013|1|2024-04-24 00:00:03
96535000|0.0825|1|2024-04-24 00:00:03
96540000|0.0228|1|2024-04-24 00:00:03
96550000|0.1035|1|2024-04-24 00:00:03
96553000|0.004|1|2024-04-24 00:00:03
96511000|0.0001|0|2024-04-24 00:00:08
96509000|0.0001|0|2024-04-24 00:00:08
96496000|0.0188|0|2024-04-24 00:00:08
96492000|0.0165|0|2024-04-24 00:00:08
96491000|0.0001|0|2024-04-24 00:00:08
96514000|0.0288|1|2024-04-24 00:00:08
96533000|0.0003|1|2024-04-24 00:00:08
96534000|0.0008|1|2024-04-24 00:00:08
96535000|0.0825|1|2024-04-24 00:00:08
96540000|0.0228|1|2024-04-24 00:00:08
96488000|0.0046|0|2024-04-24 00:00:13
96477000|0.0002|0|2024-04-24 00:00:13
96470000|0.0282|0|2024-04-24 00:00:13
96466000|0.0164|0|2024-04-24 00:00:13
96465000|0.0001|0|2024-04-24 00:00:13
96514000|0.0289|1|2024-04-24 00:00:13
96520000|0.0081|1|2024-04-24 00:00:13
96522000|0.0283|1|2024-04-24 00:00:13
96523000|0.0074|1|2024-04-24 00:00:13
96524000|0.0539|1|2024-04-24 00:00:13
96501000|0.0039|0|2024-04-24 00:00:18
96488000|0.0003|0|2024-04-24 00:00:18
96484000|0.0164|0|2024-04-24 00:00:18
96482000|0.0001|0|2024-04-24 00:00:18
96481000|0.0541|0|2024-04-24 00:00:18
96514000|0.0289|1|2024-04-24 00:00:18
96533000|0.1038|1|2024-04-24 00:00:18
96534000|0.0008|1|2024-04-24 00:00:18
96535000|0.0825|1|2024-04-24 00:00:18
96538000|0.0081|1|2024-04-24 00:00:18
96501000|0.2031|0|2024-04-24 00:00:23
96488000|0.0003|0|2024-04-24 00:00:23
96477000|0.0002|0|2024-04-24 00:00:23
96464000|0.054|0|2024-04-24 00:00:23
96463000|0.0059|0|2024-04-24 00:00:23
96511000|0.0268|1|2024-04-24 00:00:23
96512000|0.0001|1|2024-04-24 00:00:23
96513000|0.0584|1|2024-04-24 00:00:23
96514000|0.0288|1|2024-04-24 00:00:23
96522000|0.0283|1|2024-04-24 00:00:23
96466000|0.0044|0|2024-04-24 00:00:28
96460000|0.0047|0|2024-04-24 00:00:28
96435000|0.01|0|2024-04-24 00:00:28
96430000|0.05|0|2024-04-24 00:00:28
96421000|0.0164|0|2024-04-24 00:00:28
96480000|0.001|1|2024-04-24 00:00:28
96481000|0.103|1|2024-04-24 00:00:28
96482000|0.075|1|2024-04-24 00:00:28
96483000|0.0687|1|2024-04-24 00:00:28
96484000|0.0607|1|2024-04-24 00:00:28
96435000|0.01|0|2024-04-24 00:00:33
96430000|0.05|0|2024-04-24 00:00:33
96417000|0.0002|0|2024-04-24 00:00:33
96413000|0.0014|0|2024-04-24 00:00:33
96409000|0.0001|0|2024-04-24 00:00:33
96462000|0.0003|1|2024-04-24 00:00:33
96463000|0.0418|1|2024-04-24 00:00:33
96464000|0.1309|1|2024-04-24 00:00:33
96466000|0.029|1|2024-04-24 00:00:33
96467000|0.0996|1|2024-04-24 00:00:33
96435000|0.2089|0|2024-04-24 00:00:38
96430000|0.05|0|2024-04-24 00:00:38
96428000|0.0164|0|2024-04-24 00:00:38
96426000|0.0001|0|2024-04-24 00:00:38
96425000|0.0541|0|2024-04-24 00:00:38
96462000|0.0003|1|2024-04-24 00:00:38
96484000|0.0002|1|2024-04-24 00:00:38
96489000|0.1432|1|2024-04-24 00:00:38
96491000|0.0592|1|2024-04-24 00:00:38
96492000|0.029|1|2024-04-24 00:00:38
96431000|0.3234|0|2024-04-24 00:00:43
96430000|0.0502|0|2024-04-24 00:00:43
96428000|0.0164|0|2024-04-24 00:00:43
96426000|0.0001|0|2024-04-24 00:00:43
96425000|0.0541|0|2024-04-24 00:00:43
96462000|0.0003|1|2024-04-24 00:00:43
96484000|0.0002|1|2024-04-24 00:00:43
96488000|0.0005|1|2024-04-24 00:00:43
96489000|0.1432|1|2024-04-24 00:00:43
96491000|0.0592|1|2024-04-24 00:00:43
96431000|0.0005|0|2024-04-24 00:00:48
96430000|0.05|0|2024-04-24 00:00:48
96417000|0.0164|0|2024-04-24 00:00:48
96416000|0.0001|0|2024-04-24 00:00:48
96415000|0.0541|0|2024-04-24 00:00:48
96479000|0.1431|1|2024-04-24 00:00:48
96482000|0.029|1|2024-04-24 00:00:48
96483000|0.0365|1|2024-04-24 00:00:48
96484000|0.0114|1|2024-04-24 00:00:48
96485000|0.0253|1|2024-04-24 00:00:48
96431000|0.0005|0|2024-04-24 00:00:53
96430000|0.05|0|2024-04-24 00:00:53
96413000|0.0014|0|2024-04-24 00:00:53
96409000|0.0001|0|2024-04-24 00:00:53
96408000|0.0164|0|2024-04-24 00:00:53
96468000|0.1787|1|2024-04-24 00:00:53
96469000|0.0418|1|2024-04-24 00:00:53
96471000|0.029|1|2024-04-24 00:00:53
96473000|0.0365|1|2024-04-24 00:00:53
96474000|0.0365|1|2024-04-24 00:00:53
96430000|0.0493|0|2024-04-24 00:00:58
96413000|0.0014|0|2024-04-24 00:00:58
96409000|0.0001|0|2024-04-24 00:00:58
96403000|0.0322|0|2024-04-24 00:00:58
96400000|0.0047|0|2024-04-24 00:00:58
96431000|0.0089|1|2024-04-24 00:00:58
96459000|0.1032|1|2024-04-24 00:00:58
96460000|0.1372|1|2024-04-24 00:00:58
96461000|0.0002|1|2024-04-24 00:00:58
96463000|0.029|1|2024-04-24 00:00:58
96430000|0.0493|0|2024-04-24 00:01:03
96413000|0.0014|0|2024-04-24 00:01:03
96409000|0.0001|0|2024-04-24 00:01:03
96403000|0.0322|0|2024-04-24 00:01:03
96400000|0.0047|0|2024-04-24 00:01:03
96431000|0.0089|1|2024-04-24 00:01:03
96446000|0.1587|1|2024-04-24 00:01:03
96447000|0.0365|1|2024-04-24 00:01:03
96455000|0.0268|1|2024-04-24 00:01:03
96458000|0.0303|1|2024-04-24 00:01:03
96403000|0.0322|0|2024-04-24 00:01:08
96400000|0.0047|0|2024-04-24 00:01:08
96395000|0.0002|0|2024-04-24 00:01:08
96384000|0.0092|0|2024-04-24 00:01:08
96370000|0.0009|0|2024-04-24 00:01:08
96407000|0.1113|1|2024-04-24 00:01:08
96412000|0.0203|1|2024-04-24 00:01:08
96414000|0.077|1|2024-04-24 00:01:08
96415000|0.029|1|2024-04-24 00:01:08
96419000|0.0253|1|2024-04-24 00:01:08
96403000|0.0262|0|2024-04-24 00:01:13
96400000|0.0047|0|2024-04-24 00:01:13
96395000|0.0002|0|2024-04-24 00:01:13
96384000|0.0092|0|2024-04-24 00:01:13
96371000|0.0001|0|2024-04-24 00:01:13
96407000|0.0003|1|2024-04-24 00:01:13
96430000|0.0557|1|2024-04-24 00:01:13
96431000|0.0088|1|2024-04-24 00:01:13
96432000|0.029|1|2024-04-24 00:01:13
96437000|0.0365|1|2024-04-24 00:01:13
96403000|0.0252|0|2024-04-24 00:01:18
96400000|0.0047|0|2024-04-24 00:01:18
96395000|0.0002|0|2024-04-24 00:01:18
96384000|0.0092|0|2024-04-24 00:01:18
96371000|0.0165|0|2024-04-24 00:01:18
96407000|0.0003|1|2024-04-24 00:01:18
96430000|0.076|1|2024-04-24 00:01:18
96431000|0.0858|1|2024-04-24 00:01:18
96432000|0.029|1|2024-04-24 00:01:18
96436000|0.0253|1|2024-04-24 00:01:18
96400000|0.0047|0|2024-04-24 00:01:23
96395000|0.0002|0|2024-04-24 00:01:23
96384000|0.0092|0|2024-04-24 00:01:23
96374000|0.0165|0|2024-04-24 00:01:23
96372000|0.0002|0|2024-04-24 00:01:23
96403000|0.0876|1|2024-04-24 00:01:23
96431000|0.0682|1|2024-04-24 00:01:23
96433000|0.0203|1|2024-04-24 00:01:23
96434000|0.077|1|2024-04-24 00:01:23
96436000|0.029|1|2024-04-24 00:01:23
96400000|0.0|0|2024-04-24 00:01:28
96395000|0.0002|0|2024-04-24 00:01:28
96384000|0.0092|0|2024-04-24 00:01:28
96370000|0.0009|0|2024-04-24 00:01:28
96366000|0.0019|0|2024-04-24 00:01:28
96403000|0.0878|1|2024-04-24 00:01:28
96405000|0.0546|1|2024-04-24 00:01:28
96407000|0.0203|1|2024-04-24 00:01:28
96409000|0.077|1|2024-04-24 00:01:28
96410000|0.029|1|2024-04-24 00:01:28
96366000|0.0019|0|2024-04-24 00:01:33
96357000|0.0011|0|2024-04-24 00:01:33
96353000|0.001|0|2024-04-24 00:01:33
96350000|0.0004|0|2024-04-24 00:01:33
96346000|0.006|0|2024-04-24 00:01:33
96367000|0.0003|1|2024-04-24 00:01:33
96369000|0.0201|1|2024-04-24 00:01:33
96370000|0.0761|1|2024-04-24 00:01:33
96372000|0.029|1|2024-04-24 00:01:33
96375000|0.0253|1|2024-04-24 00:01:33
96345000|0.0001|0|2024-04-24 00:01:38
96343000|0.0002|0|2024-04-24 00:01:38
96341000|0.0336|0|2024-04-24 00:01:38
96339000|0.0081|0|2024-04-24 00:01:38
96338000|0.0122|0|2024-04-24 00:01:38
96367000|0.0003|1|2024-04-24 00:01:38
96402000|0.1028|1|2024-04-24 00:01:38
96403000|0.1068|1|2024-04-24 00:01:38
96405000|0.0352|1|2024-04-24 00:01:38
96410000|0.0253|1|2024-04-24 00:01:38
96342000|0.0283|0|2024-04-24 00:01:43
96341000|0.0336|0|2024-04-24 00:01:43
96338000|0.0891|0|2024-04-24 00:01:43
96336000|0.0533|0|2024-04-24 00:01:43
96335000|0.0001|0|2024-04-24 00:01:43
96345000|0.0289|1|2024-04-24 00:01:43
96367000|0.1142|1|2024-04-24 00:01:43
96402000|0.1028|1|2024-04-24 00:01:43
96403000|0.1068|1|2024-04-24 00:01:43
96405000|0.0409|1|2024-04-24 00:01:43
96344000|0.0038|0|2024-04-24 00:01:48
96338000|0.0002|0|2024-04-24 00:01:48
96318000|0.0004|0|2024-04-24 00:01:48
96311000|0.323|0|2024-04-24 00:01:48
96310000|0.0002|0|2024-04-24 00:01:48
96345000|0.0291|1|2024-04-24 00:01:48
96367000|0.1141|1|2024-04-24 00:01:48
96370000|0.0782|1|2024-04-24 00:01:48
96372000|0.0761|1|2024-04-24 00:01:48
96373000|0.029|1|2024-04-24 00:01:48
96338000|0.0002|0|2024-04-24 00:01:53
96322000|0.0518|0|2024-04-24 00:01:53
96318000|0.0004|0|2024-04-24 00:01:53
96311000|0.0002|0|2024-04-24 00:01:53
96309000|0.0001|0|2024-04-24 00:01:53
96344000|0.5456|1|2024-04-24 00:01:53
96345000|0.0002|1|2024-04-24 00:01:53
96353000|0.0201|1|2024-04-24 00:01:53
96354000|0.0761|1|2024-04-24 00:01:53
96356000|0.029|1|2024-04-24 00:01:53
96322000|0.0518|0|2024-04-24 00:01:58
96318000|0.0004|0|2024-04-24 00:01:58
96309000|0.0001|0|2024-04-24 00:01:58
96303000|0.0322|0|2024-04-24 00:01:58
96300000|0.0018|0|2024-04-24 00:01:58
96326000|0.3231|1|2024-04-24 00:01:58
96338000|0.0287|1|2024-04-24 00:01:58
96344000|0.2837|1|2024-04-24 00:01:58
96345000|0.0354|1|2024-04-24 00:01:58
96346000|0.029|1|2024-04-24 00:01:58
96318000|0.0004|0|2024-04-24 00:02:03
96309000|0.0001|0|2024-04-24 00:02:03
96303000|0.0322|0|2024-04-24 00:02:03
96300000|0.0018|0|2024-04-24 00:02:03
96293000|0.0001|0|2024-04-24 00:02:03
96319000|0.0503|1|2024-04-24 00:02:03
96325000|0.0197|1|2024-04-24 00:02:03
96326000|0.0601|1|2024-04-24 00:02:03
96327000|0.0409|1|2024-04-24 00:02:03
96328000|0.0543|1|2024-04-24 00:02:03
96309000|0.0001|0|2024-04-24 00:02:08
96307000|0.0002|0|2024-04-24 00:02:08
96305000|0.0283|0|2024-04-24 00:02:08
96304000|0.0338|0|2024-04-24 00:02:08
96303000|0.0322|0|2024-04-24 00:02:08
96318000|0.0038|1|2024-04-24 00:02:08
96344000|0.2827|1|2024-04-24 00:02:08
96345000|0.0002|1|2024-04-24 00:02:08
96351000|0.323|1|2024-04-24 00:02:08
96365000|0.0352|1|2024-04-24 00:02:08
96293000|0.0003|0|2024-04-24 00:02:13
96290000|0.0002|0|2024-04-24 00:02:13
96288000|0.0284|0|2024-04-24 00:02:13
96287000|0.0339|0|2024-04-24 00:02:13
96285000|0.0048|0|2024-04-24 00:02:13
96300000|0.0529|1|2024-04-24 00:02:13
96317000|0.0197|1|2024-04-24 00:02:13
96323000|0.323|1|2024-04-24 00:02:13
96344000|0.2827|1|2024-04-24 00:02:13
96345000|0.0651|1|2024-04-24 00:02:13
96282000|0.0001|0|2024-04-24 00:02:18
96280000|0.0569|0|2024-04-24 00:02:18
96273000|0.0001|0|2024-04-24 00:02:18
96272000|0.0352|0|2024-04-24 00:02:18
96261000|0.0014|0|2024-04-24 00:02:18
96287000|0.0761|1|2024-04-24 00:02:18
96290000|0.0454|1|2024-04-24 00:02:18
96293000|0.0577|1|2024-04-24 00:02:18
96296000|0.0079|1|2024-04-24 00:02:18
96297000|0.0268|1|2024-04-24 00:02:18
96274000|0.0011|0|2024-04-24 00:02:23
96273000|0.0001|0|2024-04-24 00:02:23
96272000|0.0352|0|2024-04-24 00:02:23
96261000|0.0014|0|2024-04-24 00:02:23
96260000|0.0102|0|2024-04-24 00:02:23
96295000|0.0639|1|2024-04-24 00:02:23
96297000|0.0201|1|2024-04-24 00:02:23
96298000|0.0255|1|2024-04-24 00:02:23
96299000|0.054|1|2024-04-24 00:02:23
96300000|0.0814|1|2024-04-24 00:02:23
96272000|0.0065|0|2024-04-24 00:02:28
96261000|0.0014|0|2024-04-24 00:02:28
96260000|0.0102|0|2024-04-24 00:02:28
96259000|0.0073|0|2024-04-24 00:02:28
96257000|0.0004|0|2024-04-24 00:02:28
96273000|0.2306|1|2024-04-24 00:02:28
96291000|0.0639|1|2024-04-24 00:02:28
96293000|0.0201|1|2024-04-24 00:02:28
96296000|0.0644|1|2024-04-24 00:02:28
96298000|0.0002|1|2024-04-24 00:02:28
96272000|0.0057|0|2024-04-24 00:02:33
96261000|0.0014|0|2024-04-24 00:02:33
96260000|0.0102|0|2024-04-24 00:02:33
96259000|0.0073|0|2024-04-24 00:02:33
96257000|0.0004|0|2024-04-24 00:02:33
96273000|0.0078|1|2024-04-24 00:02:33
96275000|0.0627|1|2024-04-24 00:02:33
96282000|0.323|1|2024-04-24 00:02:33
96283000|0.0639|1|2024-04-24 00:02:33
96286000|0.0454|1|2024-04-24 00:02:33
96261000|0.0724|0|2024-04-24 00:02:38
96260000|0.0102|0|2024-04-24 00:02:38
96259000|0.0073|0|2024-04-24 00:02:38
96257000|0.0004|0|2024-04-24 00:02:38
96250000|0.0019|0|2024-04-24 00:02:38
96272000|0.0051|1|2024-04-24 00:02:38
96273000|0.0078|1|2024-04-24 00:02:38
96282000|0.323|1|2024-04-24 00:02:38
96285000|0.0639|1|2024-04-24 00:02:38
96286000|0.0201|1|2024-04-24 00:02:38
96260000|0.0102|0|2024-04-24 00:02:43
96259000|0.0073|0|2024-04-24 00:02:43
96257000|0.0004|0|2024-04-24 00:02:43
96250000|0.0119|0|2024-04-24 00:02:43
96240000|0.0006|0|2024-04-24 00:02:43
96261000|0.2025|1|2024-04-24 00:02:43
96272000|0.0051|1|2024-04-24 00:02:43
96273000|0.0078|1|2024-04-24 00:02:43
96296000|0.1283|1|2024-04-24 00:02:43
96298000|0.0002|1|2024-04-24 00:02:43
96260000|0.0102|0|2024-04-24 00:02:48
96259000|0.0073|0|2024-04-24 00:02:48
96257000|0.0004|0|2024-04-24 00:02:48
96256000|0.0002|0|2024-04-24 00:02:48
96254000|0.0284|0|2024-04-24 00:02:48
96261000|0.2025|1|2024-04-24 00:02:48
96272000|0.0051|1|2024-04-24 00:02:48
96273000|0.0078|1|2024-04-24 00:02:48
96298000|0.0002|1|2024-04-24 00:02:48
96309000|0.0005|1|2024-04-24 00:02:48
96257000|0.0004|0|2024-04-24 00:02:53
96250000|0.0119|0|2024-04-24 00:02:53
96249000|0.0002|0|2024-04-24 00:02:53
96243000|0.0002|0|2024-04-24 00:02:53
96241000|0.0284|0|2024-04-24 00:02:53
96259000|0.0123|1|2024-04-24 00:02:53
96260000|0.0189|1|2024-04-24 00:02:53
96261000|0.1992|1|2024-04-24 00:02:53
96272000|0.0051|1|2024-04-24 00:02:53
96273000|0.0078|1|2024-04-24 00:02:53
96257000|0.0004|0|2024-04-24 00:02:58
96250000|0.0119|0|2024-04-24 00:02:58
96249000|0.0099|0|2024-04-24 00:02:58
96240000|0.0006|0|2024-04-24 00:02:58
96236000|0.0051|0|2024-04-24 00:02:58
96260000|0.3409|1|2024-04-24 00:02:58
96261000|0.1992|1|2024-04-24 00:02:58
96272000|0.0612|1|2024-04-24 00:02:58
96273000|0.0717|1|2024-04-24 00:02:58
96276000|0.0454|1|2024-04-24 00:02:58
96220000|0.0001|0|2024-04-24 00:03:03
96210000|0.0006|0|2024-04-24 00:03:03
96209000|0.0001|0|2024-04-24 00:03:03
96204000|0.0001|0|2024-04-24 00:03:03
96200000|0.037|0|2024-04-24 00:03:03
96230000|0.0115|1|2024-04-24 00:03:03
96236000|0.0079|1|2024-04-24 00:03:03
96237000|0.0539|1|2024-04-24 00:03:03
96238000|0.0854|1|2024-04-24 00:03:03
96240000|0.0822|1|2024-04-24 00:03:03
96221000|0.0074|0|2024-04-24 00:03:08
96220000|0.0001|0|2024-04-24 00:03:08
96210000|0.0001|0|2024-04-24 00:03:08
96209000|0.0001|0|2024-04-24 00:03:08
96204000|0.0001|0|2024-04-24 00:03:08
96230000|0.323|1|2024-04-24 00:03:08
96236000|0.0088|1|2024-04-24 00:03:08
96250000|0.0403|1|2024-04-24 00:03:08
96256000|0.0002|1|2024-04-24 00:03:08
96259000|0.0253|1|2024-04-24 00:03:08
96219000|0.015|0|2024-04-24 00:03:13
96216000|0.0001|0|2024-04-24 00:03:13
96215000|0.0343|0|2024-04-24 00:03:13
96214000|0.0385|0|2024-04-24 00:03:13
96213000|0.0443|0|2024-04-24 00:03:13
96220000|0.0158|1|2024-04-24 00:03:13
96232000|0.0049|1|2024-04-24 00:03:13
96236000|0.0088|1|2024-04-24 00:03:13
96256000|0.0002|1|2024-04-24 00:03:13
96260000|0.002|1|2024-04-24 00:03:13
96251000|0.0282|0|2024-04-24 00:03:18
96250000|0.0339|0|2024-04-24 00:03:18
96249000|0.0005|0|2024-04-24 00:03:18
96248000|0.0349|0|2024-04-24 00:03:18
96247000|0.0408|0|2024-04-24 00:03:18
96261000|0.1987|1|2024-04-24 00:03:18
96268000|0.1037|1|2024-04-24 00:03:18
96272000|0.0051|1|2024-04-24 00:03:18
96273000|0.0078|1|2024-04-24 00:03:18
96296000|0.323|1|2024-04-24 00:03:18
96273000|0.3108|0|2024-04-24 00:03:23
96266000|0.0282|0|2024-04-24 00:03:23
96265000|0.0058|0|2024-04-24 00:03:23
96264000|0.0001|0|2024-04-24 00:03:23
96263000|0.0406|0|2024-04-24 00:03:23
96275000|0.0053|1|2024-04-24 00:03:23
96289000|0.1037|1|2024-04-24 00:03:23
96298000|0.0002|1|2024-04-24 00:03:23
96300000|0.0082|1|2024-04-24 00:03:23
96309000|0.0005|1|2024-04-24 00:03:23
96275000|0.0029|0|2024-04-24 00:03:28
96273000|0.2789|0|2024-04-24 00:03:28
96261000|0.137|0|2024-04-24 00:03:28
96255000|0.0002|0|2024-04-24 00:03:28
96241000|0.0281|0|2024-04-24 00:03:28
96295000|0.1036|1|2024-04-24 00:03:28
96296000|0.3542|1|2024-04-24 00:03:28
96297000|0.0123|1|2024-04-24 00:03:28
96298000|0.0207|1|2024-04-24 00:03:28
96299000|0.0281|1|2024-04-24 00:03:28
96273000|0.2789|0|2024-04-24 00:03:33
96261000|0.1038|0|2024-04-24 00:03:33
96255000|0.0002|0|2024-04-24 00:03:33
96241000|0.0282|0|2024-04-24 00:03:33
96240000|0.0058|0|2024-04-24 00:03:33
96295000|0.0042|1|2024-04-24 00:03:33
96296000|0.3542|1|2024-04-24 00:03:33
96297000|0.0123|1|2024-04-24 00:03:33
96298000|0.0207|1|2024-04-24 00:03:33
96299000|0.0363|1|2024-04-24 00:03:33
96278000|0.001|0|2024-04-24 00:03:38
96276000|0.0003|0|2024-04-24 00:03:38
96273000|0.2789|0|2024-04-24 00:03:38
96261000|0.1038|0|2024-04-24 00:03:38
96256000|0.034|0|2024-04-24 00:03:38
96296000|0.3155|1|2024-04-24 00:03:38
96298000|0.0002|1|2024-04-24 00:03:38
96299000|0.0082|1|2024-04-24 00:03:38
96309000|0.0005|1|2024-04-24 00:03:38
96311000|0.0312|1|2024-04-24 00:03:38
96294000|0.0|0|2024-04-24 00:03:43
96273000|0.2696|0|2024-04-24 00:03:43
96261000|0.1038|0|2024-04-24 00:03:43
96256000|0.0001|0|2024-04-24 00:03:43
96255000|0.0408|0|2024-04-24 00:03:43
96296000|0.1036|1|2024-04-24 00:03:43
96298000|0.0002|1|2024-04-24 00:03:43
96300000|0.0082|1|2024-04-24 00:03:43
96309000|0.0005|1|2024-04-24 00:03:43
96311000|0.323|1|2024-04-24 00:03:43
96273000|0.269|0|2024-04-24 00:03:48
96261000|0.1091|0|2024-04-24 00:03:48
96259000|0.0282|0|2024-04-24 00:03:48
96258000|0.0058|0|2024-04-24 00:03:48
96256000|0.0037|0|2024-04-24 00:03:48
96298000|0.0|1|2024-04-24 00:03:48
96300000|0.0082|1|2024-04-24 00:03:48
96309000|0.0005|1|2024-04-24 00:03:48
96311000|0.323|1|2024-04-24 00:03:48
96312000|0.0192|1|2024-04-24 00:03:48
96281000|0.005|0|2024-04-24 00:03:53
96275000|0.0006|0|2024-04-24 00:03:53
96274000|0.0361|0|2024-04-24 00:03:53
96273000|0.2692|0|2024-04-24 00:03:53
96261000|0.1091|0|2024-04-24 00:03:53
96297000|0.0209|1|2024-04-24 00:03:53
96298000|0.0123|1|2024-04-24 00:03:53
96299000|0.0205|1|2024-04-24 00:03:53
96300000|0.0281|1|2024-04-24 00:03:53
96302000|0.0912|1|2024-04-24 00:03:53
96276000|0.0005|0|2024-04-24 00:03:58
96275000|0.0006|0|2024-04-24 00:03:58
96274000|0.0361|0|2024-04-24 00:03:58
96273000|0.2692|0|2024-04-24 00:03:58
96261000|0.1091|0|2024-04-24 00:03:58
96294000|0.313|1|2024-04-24 00:03:58
96297000|0.0209|1|2024-04-24 00:03:58
96298000|0.0123|1|2024-04-24 00:03:58
96299000|0.0205|1|2024-04-24 00:03:58
96300000|0.0281|1|2024-04-24 00:03:58
96276000|0.0103|0|2024-04-24 00:04:03
96274000|0.0256|0|2024-04-24 00:04:03
96273000|0.2692|0|2024-04-24 00:04:03
96268000|0.002|0|2024-04-24 00:04:03
96261000|0.1091|0|2024-04-24 00:04:03
96287000|0.0149|1|2024-04-24 00:04:03
96288000|0.0123|1|2024-04-24 00:04:03
96290000|0.0486|1|2024-04-24 00:04:03
96293000|0.0881|1|2024-04-24 00:04:03
96294000|0.3863|1|2024-04-24 00:04:03
96273000|0.1934|0|2024-04-24 00:04:08
96268000|0.002|0|2024-04-24 00:04:08
96261000|0.1091|0|2024-04-24 00:04:08
96255000|0.0002|0|2024-04-24 00:04:08
96240000|0.0004|0|2024-04-24 00:04:08
96274000|0.323|1|2024-04-24 00:04:08
96282000|0.0112|1|2024-04-24 00:04:08
96283000|0.1357|1|2024-04-24 00:04:08
96284000|0.0137|1|2024-04-24 00:04:08
96285000|0.0284|1|2024-04-24 00:04:08
96273000|0.185|0|2024-04-24 00:04:13
96261000|0.1093|0|2024-04-24 00:04:13
96240000|0.0004|0|2024-04-24 00:04:13
96237000|0.0248|0|2024-04-24 00:04:13
96234000|0.0281|0|2024-04-24 00:04:13
96294000|0.0303|1|2024-04-24 00:04:13
96297000|0.0342|1|2024-04-24 00:04:13
96298000|0.0234|1|2024-04-24 00:04:13
96299000|0.0069|1|2024-04-24 00:04:13
96302000|0.0268|1|2024-04-24 00:04:13
96261000|0.1072|0|2024-04-24 00:04:18
96255000|0.0282|0|2024-04-24 00:04:18
96254000|0.0338|0|2024-04-24 00:04:18
96252000|0.0285|0|2024-04-24 00:04:18
96250000|0.1003|0|2024-04-24 00:04:18
96297000|0.0051|1|2024-04-24 00:04:18
96299000|0.0032|1|2024-04-24 00:04:18
96309000|0.0005|1|2024-04-24 00:04:18
96311000|0.323|1|2024-04-24 00:04:18
96312000|0.0281|1|2024-04-24 00:04:18
96261000|0.1072|0|2024-04-24 00:04:23
96260000|0.0281|0|2024-04-24 00:04:23
96257000|0.0001|0|2024-04-24 00:04:23
96255000|0.0002|0|2024-04-24 00:04:23
96254000|0.0406|0|2024-04-24 00:04:23
96297000|0.0051|1|2024-04-24 00:04:23
96300000|0.005|1|2024-04-24 00:04:23
96303000|0.0333|1|2024-04-24 00:04:23
96309000|0.0005|1|2024-04-24 00:04:23
96310000|0.0652|1|2024-04-24 00:04:23
96261000|0.0072|0|2024-04-24 00:04:28
96250000|0.0002|0|2024-04-24 00:04:28
96240000|0.0004|0|2024-04-24 00:04:28
96235000|0.0282|0|2024-04-24 00:04:28
96234000|0.0338|0|2024-04-24 00:04:28
96295000|0.0032|1|2024-04-24 00:04:28
96296000|0.0486|1|2024-04-24 00:04:28
96297000|0.0335|1|2024-04-24 00:04:28
96298000|0.0058|1|2024-04-24 00:04:28
96299000|0.0525|1|2024-04-24 00:04:28
96274000|0.001|0|2024-04-24 00:04:33
96261000|0.0072|0|2024-04-24 00:04:33
96250000|0.0002|0|2024-04-24 00:04:33
96240000|0.0004|0|2024-04-24 00:04:33
96220000|0.0002|0|2024-04-24 00:04:33
96279000|0.0032|1|2024-04-24 00:04:33
96280000|0.048|1|2024-04-24 00:04:33
96281000|0.0284|1|2024-04-24 00:04:33
96282000|0.0058|1|2024-04-24 00:04:33
96283000|0.0525|1|2024-04-24 00:04:33
96274000|0.001|0|2024-04-24 00:04:38
96261000|0.0224|0|2024-04-24 00:04:38
96250000|0.0002|0|2024-04-24 00:04:38
96240000|0.0004|0|2024-04-24 00:04:38
96235000|0.0282|0|2024-04-24 00:04:38
96293000|0.0032|1|2024-04-24 00:04:38
96294000|0.059|1|2024-04-24 00:04:38
96295000|0.0543|1|2024-04-24 00:04:38
96296000|0.0284|1|2024-04-24 00:04:38
96297000|0.0634|1|2024-04-24 00:04:38
96274000|0.001|0|2024-04-24 00:04:43
96261000|0.0224|0|2024-04-24 00:04:43
96250000|0.0002|0|2024-04-24 00:04:43
96242000|0.0282|0|2024-04-24 00:04:43
96241000|0.0338|0|2024-04-24 00:04:43
96292000|0.323|1|2024-04-24 00:04:43
96297000|0.0051|1|2024-04-24 00:04:43
96301000|0.0081|1|2024-04-24 00:04:43
96302000|0.0032|1|2024-04-24 00:04:43
96303000|0.048|1|2024-04-24 00:04:43
96261000|0.0095|0|2024-04-24 00:04:48
96250000|0.0102|0|2024-04-24 00:04:48
96242000|0.0282|0|2024-04-24 00:04:48
96241000|0.0338|0|2024-04-24 00:04:48
96240000|0.0532|0|2024-04-24 00:04:48
96275000|0.0015|1|2024-04-24 00:04:48
96292000|0.3188|1|2024-04-24 00:04:48
96297000|0.0051|1|2024-04-24 00:04:48
96301000|0.0081|1|2024-04-24 00:04:48
96302000|0.0032|1|2024-04-24 00:04:48
96251000|0.0013|0|2024-04-24 00:04:53
96250000|0.0064|0|2024-04-24 00:04:53
96242000|0.0282|0|2024-04-24 00:04:53
96241000|0.0338|0|2024-04-24 00:04:53
96240000|0.0532|0|2024-04-24 00:04:53
96292000|0.2802|1|2024-04-24 00:04:53
96297000|0.0051|1|2024-04-24 00:04:53
96301000|0.0081|1|2024-04-24 00:04:53
96302000|0.0032|1|2024-04-24 00:04:53
96303000|0.048|1|2024-04-24 00:04:53
96250000|0.0033|0|2024-04-24 00:04:58
96242000|0.0282|0|2024-04-24 00:04:58
96241000|0.0338|0|2024-04-24 00:04:58
96240000|0.0532|0|2024-04-24 00:04:58
96239000|0.1058|0|2024-04-24 00:04:58
96251000|0.0018|1|2024-04-24 00:04:58
96292000|0.2802|1|2024-04-24 00:04:58
96297000|0.0051|1|2024-04-24 00:04:58
96300000|0.0081|1|2024-04-24 00:04:58
96302000|0.0032|1|2024-04-24 00:04:58
96250000|0.0033|0|2024-04-24 00:05:03
96242000|0.0282|0|2024-04-24 00:05:03
96241000|0.0338|0|2024-04-24 00:05:03
96240000|0.0532|0|2024-04-24 00:05:03
96239000|0.1058|0|2024-04-24 00:05:03
96251000|0.0018|1|2024-04-24 00:05:03
96292000|0.2802|1|2024-04-24 00:05:03
96297000|0.0051|1|2024-04-24 00:05:03
96300000|0.0081|1|2024-04-24 00:05:03
96302000|0.0032|1|2024-04-24 00:05:03
96251000|0.003|0|2024-04-24 00:05:08
96250000|0.0033|0|2024-04-24 00:05:08
96246000|0.0001|0|2024-04-24 00:05:08
96245000|0.0001|0|2024-04-24 00:05:08
96244000|0.0589|0|2024-04-24 00:05:08
96292000|0.0002|1|2024-04-24 00:05:08
96296000|0.0081|1|2024-04-24 00:05:08
96297000|0.0051|1|2024-04-24 00:05:08
96305000|0.0706|1|2024-04-24 00:05:08
96306000|0.0284|1|2024-04-24 00:05:08
96261000|0.0338|0|2024-04-24 00:05:13
96260000|0.0001|0|2024-04-24 00:05:13
96259000|0.0406|0|2024-04-24 00:05:13
96257000|0.0001|0|2024-04-24 00:05:13
96256000|0.0362|0|2024-04-24 00:05:13
96292000|0.0002|1|2024-04-24 00:05:13
96296000|0.0269|1|2024-04-24 00:05:13
96297000|0.0051|1|2024-04-24 00:05:13
96309000|0.0005|1|2024-04-24 00:05:13
96312000|0.0281|1|2024-04-24 00:05:13
96262000|0.0002|0|2024-04-24 00:05:18
96260000|0.0002|0|2024-04-24 00:05:18
96259000|0.0386|0|2024-04-24 00:05:18
96254000|0.0314|0|2024-04-24 00:05:18
96252000|0.0003|0|2024-04-24 00:05:18
96291000|0.0197|1|2024-04-24 00:05:18
96292000|0.0002|1|2024-04-24 00:05:18
96296000|0.0188|1|2024-04-24 00:05:18
96297000|0.0132|1|2024-04-24 00:05:18
96309000|0.0005|1|2024-04-24 00:05:18
96262000|0.0002|0|2024-04-24 00:05:23
96251000|0.003|0|2024-04-24 00:05:23
96250000|0.1119|0|2024-04-24 00:05:23
96249000|0.059|0|2024-04-24 00:05:23
96247000|0.0667|0|2024-04-24 00:05:23
96292000|0.0002|1|2024-04-24 00:05:23
96296000|0.0188|1|2024-04-24 00:05:23
96297000|0.0132|1|2024-04-24 00:05:23
96298000|0.323|1|2024-04-24 00:05:23
96309000|0.0037|1|2024-04-24 00:05:23
96234000|0.0338|0|2024-04-24 00:05:28
96233000|0.0665|0|2024-04-24 00:05:28
96232000|0.0123|0|2024-04-24 00:05:28
96231000|0.0315|0|2024-04-24 00:05:28
96230000|0.0855|0|2024-04-24 00:05:28
96235000|0.1713|1|2024-04-24 00:05:28
96292000|0.0002|1|2024-04-24 00:05:28
96295000|0.1007|1|2024-04-24 00:05:28
96296000|0.0631|1|2024-04-24 00:05:28
96297000|0.0416|1|2024-04-24 00:05:28
96264000|0.0007|0|2024-04-24 00:05:33
96252000|0.0294|0|2024-04-24 00:05:33
96250000|0.0665|0|2024-04-24 00:05:33
96249000|0.0123|0|2024-04-24 00:05:33
96248000|0.0315|0|2024-04-24 00:05:33
96292000|0.0002|1|2024-04-24 00:05:33
96296000|0.0188|1|2024-04-24 00:05:33
96297000|0.0132|1|2024-04-24 00:05:33
96309000|0.0005|1|2024-04-24 00:05:33
96310000|0.0044|1|2024-04-24 00:05:33
96253000|0.0406|0|2024-04-24 00:05:38
96250000|0.0435|0|2024-04-24 00:05:38
96249000|0.0002|0|2024-04-24 00:05:38
96248000|0.0314|0|2024-04-24 00:05:38
96247000|0.0003|0|2024-04-24 00:05:38
96292000|0.0002|1|2024-04-24 00:05:38
96296000|0.0188|1|2024-04-24 00:05:38
96297000|0.0051|1|2024-04-24 00:05:38
96309000|0.0005|1|2024-04-24 00:05:38
96312000|0.0281|1|2024-04-24 00:05:38
96256000|0.0009|0|2024-04-24 00:05:43
96255000|0.0297|0|2024-04-24 00:05:43
96253000|0.0665|0|2024-04-24 00:05:43
96252000|0.0123|0|2024-04-24 00:05:43
96251000|0.0315|0|2024-04-24 00:05:43
96292000|0.0002|1|2024-04-24 00:05:43
96296000|0.0188|1|2024-04-24 00:05:43
96297000|0.0051|1|2024-04-24 00:05:43
96298000|0.0081|1|2024-04-24 00:05:43
96309000|0.0005|1|2024-04-24 00:05:43
96283000|0.0294|0|2024-04-24 00:05:48
96281000|0.0665|0|2024-04-24 00:05:48
96279000|0.0316|0|2024-04-24 00:05:48
96278000|0.0603|0|2024-04-24 00:05:48
96277000|0.0766|0|2024-04-24 00:05:48
96292000|0.0002|1|2024-04-24 00:05:48
96296000|0.0188|1|2024-04-24 00:05:48
96297000|0.0051|1|2024-04-24 00:05:48
96298000|0.0081|1|2024-04-24 00:05:48
96309000|0.0005|1|2024-04-24 00:05:48
96304000|0.0001|0|2024-04-24 00:05:53
96302000|0.0429|0|2024-04-24 00:05:53
96301000|0.0123|0|2024-04-24 00:05:53
96300000|0.0314|0|2024-04-24 00:05:53
96299000|0.0774|0|2024-04-24 00:05:53
96309000|0.0001|1|2024-04-24 00:05:53
96312000|0.0281|1|2024-04-24 00:05:53
96316000|0.0002|1|2024-04-24 00:05:53
96340000|0.0001|1|2024-04-24 00:05:53
96344000|0.0002|1|2024-04-24 00:05:53
96321000|0.0428|0|2024-04-24 00:05:58
96319000|0.0313|0|2024-04-24 00:05:58
96318000|0.0357|0|2024-04-24 00:05:58
96317000|0.0766|0|2024-04-24 00:05:58
96316000|0.0222|0|2024-04-24 00:05:58
96340000|0.0001|1|2024-04-24 00:05:58
96344000|0.0002|1|2024-04-24 00:05:58
96345000|0.0002|1|2024-04-24 00:05:58
96349000|0.0002|1|2024-04-24 00:05:58
96360000|0.0001|1|2024-04-24 00:05:58
96336000|0.0243|0|2024-04-24 00:06:03
96335000|0.0362|0|2024-04-24 00:06:03
96334000|0.0001|0|2024-04-24 00:06:03
96333000|0.0589|0|2024-04-24 00:06:03
96332000|0.0083|0|2024-04-24 00:06:03
96349000|0.0002|1|2024-04-24 00:06:03
96360000|0.0001|1|2024-04-24 00:06:03
96362000|0.004|1|2024-04-24 00:06:03
96366000|0.0019|1|2024-04-24 00:06:03
96367000|0.1141|1|2024-04-24 00:06:03
96354000|0.0172|0|2024-04-24 00:06:08
96351000|0.017|0|2024-04-24 00:06:08
96350000|0.0184|0|2024-04-24 00:06:08
96348000|0.0005|0|2024-04-24 00:06:08
96347000|0.0733|0|2024-04-24 00:06:08
96360000|0.0001|1|2024-04-24 00:06:08
96362000|0.004|1|2024-04-24 00:06:08
96366000|0.0019|1|2024-04-24 00:06:08
96367000|0.1141|1|2024-04-24 00:06:08
96370000|0.0001|1|2024-04-24 00:06:08
96363000|0.0002|0|2024-04-24 00:06:13
96359000|0.0157|0|2024-04-24 00:06:13
96358000|0.0172|0|2024-04-24 00:06:13
96357000|0.0613|0|2024-04-24 00:06:13
96356000|0.0351|0|2024-04-24 00:06:13
96366000|0.0019|1|2024-04-24 00:06:13
96367000|0.1141|1|2024-04-24 00:06:13
96370000|0.0001|1|2024-04-24 00:06:13
96380000|0.0001|1|2024-04-24 00:06:13
96395000|0.0002|1|2024-04-24 00:06:13
96363000|0.1853|0|2024-04-24 00:06:18
96351000|0.0002|0|2024-04-24 00:06:18
96349000|0.0039|0|2024-04-24 00:06:18
96320000|0.0001|0|2024-04-24 00:06:18
96310000|0.0157|0|2024-04-24 00:06:18
96366000|0.0021|1|2024-04-24 00:06:18
96367000|0.1141|1|2024-04-24 00:06:18
96368000|0.0002|1|2024-04-24 00:06:18
96370000|0.0004|1|2024-04-24 00:06:18
96371000|0.0631|1|2024-04-24 00:06:18
96351000|0.0002|0|2024-04-24 00:06:23
96349000|0.0039|0|2024-04-24 00:06:23
96320000|0.0001|0|2024-04-24 00:06:23
96310000|0.0159|0|2024-04-24 00:06:23
96309000|0.0344|0|2024-04-24 00:06:23
96361000|0.0138|1|2024-04-24 00:06:23
96363000|0.0096|1|2024-04-24 00:06:23
96367000|0.1062|1|2024-04-24 00:06:23
96368000|0.0002|1|2024-04-24 00:06:23
96370000|0.0004|1|2024-04-24 00:06:23
96300000|0.1143|0|2024-04-24 00:06:28
96259000|0.0376|0|2024-04-24 00:06:28
96257000|0.0002|0|2024-04-24 00:06:28
96250000|0.0081|0|2024-04-24 00:06:28
96248000|0.0184|0|2024-04-24 00:06:28
96310000|0.0139|1|2024-04-24 00:06:28
96311000|0.0443|1|2024-04-24 00:06:28
96312000|0.0123|1|2024-04-24 00:06:28
96314000|0.01|1|2024-04-24 00:06:28
96315000|0.0058|1|2024-04-24 00:06:28
96259000|0.0013|0|2024-04-24 00:06:33
96246000|0.0288|0|2024-04-24 00:06:33
96240000|0.0001|0|2024-04-24 00:06:33
96227000|0.0203|0|2024-04-24 00:06:33
96226000|0.0002|0|2024-04-24 00:06:33
96278000|0.3229|1|2024-04-24 00:06:33
96287000|0.0339|1|2024-04-24 00:06:33
96288000|0.0268|1|2024-04-24 00:06:33
96290000|0.01|1|2024-04-24 00:06:33
96291000|0.138|1|2024-04-24 00:06:33
96259000|0.0004|0|2024-04-24 00:06:38
96246000|0.0288|0|2024-04-24 00:06:38
96240000|0.0001|0|2024-04-24 00:06:38
96230000|0.0252|0|2024-04-24 00:06:38
96228000|0.0121|0|2024-04-24 00:06:38
96278000|0.3199|1|2024-04-24 00:06:38
96284000|0.0002|1|2024-04-24 00:06:38
96287000|0.051|1|2024-04-24 00:06:38
96288000|0.0268|1|2024-04-24 00:06:38
96290000|0.0078|1|2024-04-24 00:06:38
96260000|0.5|0|2024-04-24 00:06:43
96259000|0.0004|0|2024-04-24 00:06:43
96251000|0.0096|0|2024-04-24 00:06:43
96246000|0.0288|0|2024-04-24 00:06:43
96240000|0.0001|0|2024-04-24 00:06:43
96287000|0.0425|1|2024-04-24 00:06:43
96288000|0.0216|1|2024-04-24 00:06:43
96290000|0.0078|1|2024-04-24 00:06:43
96291000|0.1653|1|2024-04-24 00:06:43
96292000|0.0058|1|2024-04-24 00:06:43
96260000|0.4928|0|2024-04-24 00:06:48
96259000|0.0256|0|2024-04-24 00:06:48
96257000|0.0174|0|2024-04-24 00:06:48
96256000|0.0123|0|2024-04-24 00:06:48
96255000|0.0209|0|2024-04-24 00:06:48
96312000|0.323|1|2024-04-24 00:06:48
96316000|0.0425|1|2024-04-24 00:06:48
96317000|0.0216|1|2024-04-24 00:06:48
96318000|0.0002|1|2024-04-24 00:06:48
96319000|0.0369|1|2024-04-24 00:06:48
96276000|0.0252|0|2024-04-24 00:06:53
96274000|0.012|0|2024-04-24 00:06:53
96273000|0.0122|0|2024-04-24 00:06:53
96272000|0.0206|0|2024-04-24 00:06:53
96271000|0.0421|0|2024-04-24 00:06:53
96318000|0.0002|1|2024-04-24 00:06:53
96320000|0.008|1|2024-04-24 00:06:53
96333000|0.3655|1|2024-04-24 00:06:53
96334000|0.0216|1|2024-04-24 00:06:53
96336000|0.0178|1|2024-04-24 00:06:53
96301000|0.001|0|2024-04-24 00:06:58
96276000|0.0252|0|2024-04-24 00:06:58
96275000|0.0053|0|2024-04-24 00:06:58
96274000|0.0121|0|2024-04-24 00:06:58
96273000|0.0123|0|2024-04-24 00:06:58
96320000|0.0071|1|2024-04-24 00:06:58
96333000|0.3655|1|2024-04-24 00:06:58
96334000|0.0216|1|2024-04-24 00:06:58
96336000|0.0178|1|2024-04-24 00:06:58
96337000|0.1653|1|2024-04-24 00:06:58
96269000|0.0002|0|2024-04-24 00:07:03
96262000|0.0252|0|2024-04-24 00:07:03
96260000|0.498|0|2024-04-24 00:07:03
96259000|0.0126|0|2024-04-24 00:07:03
96258000|0.0208|0|2024-04-24 00:07:03
96319000|0.0139|1|2024-04-24 00:07:03
96320000|0.0207|1|2024-04-24 00:07:03
96321000|0.0078|1|2024-04-24 00:07:03
96322000|0.0303|1|2024-04-24 00:07:03
96323000|0.1089|1|2024-04-24 00:07:03
96284000|0.019|0|2024-04-24 00:07:08
96281000|0.0417|0|2024-04-24 00:07:08
96280000|0.012|0|2024-04-24 00:07:08
96279000|0.0187|0|2024-04-24 00:07:08
96278000|0.034|0|2024-04-24 00:07:08
96320000|0.0207|1|2024-04-24 00:07:08
96322000|0.0012|1|2024-04-24 00:07:08
96333000|0.0199|1|2024-04-24 00:07:08
96339000|0.0286|1|2024-04-24 00:07:08
96342000|0.0078|1|2024-04-24 00:07:08
96280000|0.5|0|2024-04-24 00:07:13
96263000|0.0001|0|2024-04-24 00:07:13
96261000|0.0081|0|2024-04-24 00:07:13
96260000|0.5169|0|2024-04-24 00:07:13
96259000|0.1202|0|2024-04-24 00:07:13
96319000|0.0425|1|2024-04-24 00:07:13
96320000|0.0303|1|2024-04-24 00:07:13
96322000|0.019|1|2024-04-24 00:07:13
96323000|0.0336|1|2024-04-24 00:07:13
96324000|0.0168|1|2024-04-24 00:07:13
96280000|0.5002|0|2024-04-24 00:07:18
96264000|0.0189|0|2024-04-24 00:07:18
96263000|0.0001|0|2024-04-24 00:07:18
96261000|0.0081|0|2024-04-24 00:07:18
96260000|0.517|0|2024-04-24 00:07:18
96319000|0.0425|1|2024-04-24 00:07:18
96320000|0.0303|1|2024-04-24 00:07:18
96322000|0.0078|1|2024-04-24 00:07:18
96323000|0.0417|1|2024-04-24 00:07:18
96324000|0.0168|1|2024-04-24 00:07:18
96280000|0.0002|0|2024-04-24 00:07:23
96260000|0.4931|0|2024-04-24 00:07:23
96259000|0.0004|0|2024-04-24 00:07:23
96258000|0.0189|0|2024-04-24 00:07:23
96255000|0.0082|0|2024-04-24 00:07:23
96313000|0.0425|1|2024-04-24 00:07:23
96314000|0.0158|1|2024-04-24 00:07:23
96316000|0.0078|1|2024-04-24 00:07:23
96317000|0.0284|1|2024-04-24 00:07:23
96318000|0.0168|1|2024-04-24 00:07:23
96260000|0.4729|0|2024-04-24 00:07:28
96259000|0.0004|0|2024-04-24 00:07:28
96253000|0.0004|0|2024-04-24 00:07:28
96251000|0.0096|0|2024-04-24 00:07:28
96246000|0.0816|0|2024-04-24 00:07:28
96271000|0.0286|1|2024-04-24 00:07:28
96272000|0.0158|1|2024-04-24 00:07:28
96275000|0.0284|1|2024-04-24 00:07:28
96276000|0.0168|1|2024-04-24 00:07:28
96277000|0.0273|1|2024-04-24 00:07:28
96261000|0.0005|0|2024-04-24 00:07:33
96260000|0.4348|0|2024-04-24 00:07:33
96259000|0.0004|0|2024-04-24 00:07:33
96253000|0.0004|0|2024-04-24 00:07:33
96251000|0.0096|0|2024-04-24 00:07:33
96293000|0.0139|1|2024-04-24 00:07:33
96298000|0.011|1|2024-04-24 00:07:33
96300000|0.0388|1|2024-04-24 00:07:33
96305000|0.0316|1|2024-04-24 00:07:33
96306000|0.0995|1|2024-04-24 00:07:33
96266000|0.0005|0|2024-04-24 00:07:38
96263000|0.0189|0|2024-04-24 00:07:38
96261000|0.0005|0|2024-04-24 00:07:38
96260000|0.4348|0|2024-04-24 00:07:38
96259000|0.0208|0|2024-04-24 00:07:38
96286000|0.016|1|2024-04-24 00:07:38
96306000|0.0002|1|2024-04-24 00:07:38
96318000|0.0505|1|2024-04-24 00:07:38
96319000|0.0158|1|2024-04-24 00:07:38
96320000|0.0197|1|2024-04-24 00:07:38
96260000|0.0048|0|2024-04-24 00:07:43
96259000|0.0208|0|2024-04-24 00:07:43
96258000|0.1017|0|2024-04-24 00:07:43
96257000|0.0512|0|2024-04-24 00:07:43
96256000|0.0508|0|2024-04-24 00:07:43
96286000|0.016|1|2024-04-24 00:07:43
96306000|0.0002|1|2024-04-24 00:07:43
96318000|0.0505|1|2024-04-24 00:07:43
96319000|0.0158|1|2024-04-24 00:07:43
96320000|0.0197|1|2024-04-24 00:07:43
96308000|0.012|0|2024-04-24 00:07:48
96306000|0.008|0|2024-04-24 00:07:48
96305000|0.0034|0|2024-04-24 00:07:48
96304000|0.0122|0|2024-04-24 00:07:48
96303000|0.0555|0|2024-04-24 00:07:48
96320000|0.0197|1|2024-04-24 00:07:48
96326000|0.0002|1|2024-04-24 00:07:48
96333000|0.0199|1|2024-04-24 00:07:48
96365000|0.0052|1|2024-04-24 00:07:48
96366000|0.0021|1|2024-04-24 00:07:48
96333000|0.0028|0|2024-04-24 00:07:53
96332000|0.0316|0|2024-04-24 00:07:53
96331000|0.0235|0|2024-04-24 00:07:53
96330000|0.0303|0|2024-04-24 00:07:53
96328000|0.0417|0|2024-04-24 00:07:53
96366000|0.0019|1|2024-04-24 00:07:53
96367000|0.1062|1|2024-04-24 00:07:53
96370000|0.0001|1|2024-04-24 00:07:53
96376000|0.0002|1|2024-04-24 00:07:53
96380000|0.0001|1|2024-04-24 00:07:53
96332000|0.0059|0|2024-04-24 00:07:58
96325000|0.0002|0|2024-04-24 00:07:58
96319000|0.0137|0|2024-04-24 00:07:58
96318000|0.012|0|2024-04-24 00:07:58
96317000|0.0579|0|2024-04-24 00:07:58
96366000|0.0019|1|2024-04-24 00:07:58
96367000|0.1062|1|2024-04-24 00:07:58
96370000|0.0001|1|2024-04-24 00:07:58
96376000|0.0002|1|2024-04-24 00:07:58
96377000|0.0106|1|2024-04-24 00:07:58
96332000|0.0059|0|2024-04-24 00:08:03
96325000|0.0002|0|2024-04-24 00:08:03
96323000|0.0137|0|2024-04-24 00:08:03
96322000|0.0188|0|2024-04-24 00:08:03
96321000|0.1164|0|2024-04-24 00:08:03
96334000|0.0077|1|2024-04-24 00:08:03
96366000|0.0019|1|2024-04-24 00:08:03
96367000|0.1062|1|2024-04-24 00:08:03
96370000|0.0001|1|2024-04-24 00:08:03
96376000|0.0002|1|2024-04-24 00:08:03
96332000|0.0008|0|2024-04-24 00:08:08
96325000|0.0002|0|2024-04-24 00:08:08
96315000|0.0482|0|2024-04-24 00:08:08
96314000|0.0109|0|2024-04-24 00:08:08
96313000|0.048|0|2024-04-24 00:08:08
96334000|0.0077|1|2024-04-24 00:08:08
96366000|0.0019|1|2024-04-24 00:08:08
96367000|0.1062|1|2024-04-24 00:08:08
96370000|0.0001|1|2024-04-24 00:08:08
96372000|0.0053|1|2024-04-24 00:08:08
96317000|0.0068|0|2024-04-24 00:08:13
96315000|0.0417|0|2024-04-24 00:08:13
96312000|0.3231|0|2024-04-24 00:08:13
96311000|0.0913|0|2024-04-24 00:08:13
96310000|0.0116|0|2024-04-24 00:08:13
96366000|0.0019|1|2024-04-24 00:08:13
96367000|0.1062|1|2024-04-24 00:08:13
96370000|0.0001|1|2024-04-24 00:08:13
96372000|0.0053|1|2024-04-24 00:08:13
96376000|0.0002|1|2024-04-24 00:08:13
96315000|0.0414|0|2024-04-24 00:08:18
96314000|0.0109|0|2024-04-24 00:08:18
96313000|0.0481|0|2024-04-24 00:08:18
96312000|0.068|0|2024-04-24 00:08:18
96311000|0.1011|0|2024-04-24 00:08:18
96332000|0.0211|1|2024-04-24 00:08:18
96365000|0.0039|1|2024-04-24 00:08:18
96366000|0.0019|1|2024-04-24 00:08:18
96367000|0.4294|1|2024-04-24 00:08:18
96370000|0.0001|1|2024-04-24 00:08:18
96337000|0.0109|0|2024-04-24 00:08:23
96335000|0.0401|0|2024-04-24 00:08:23
96334000|0.0083|0|2024-04-24 00:08:23
96333000|0.0963|0|2024-04-24 00:08:23
96332000|0.0001|0|2024-04-24 00:08:23
96365000|0.0039|1|2024-04-24 00:08:23
96366000|0.0019|1|2024-04-24 00:08:23
96367000|0.1064|1|2024-04-24 00:08:23
96370000|0.0001|1|2024-04-24 00:08:23
96376000|0.0002|1|2024-04-24 00:08:23
96329000|0.0066|0|2024-04-24 00:08:28
96328000|0.0359|0|2024-04-24 00:08:28
96327000|0.068|0|2024-04-24 00:08:28
96326000|0.0735|0|2024-04-24 00:08:28
96325000|0.0743|0|2024-04-24 00:08:28
96365000|0.0039|1|2024-04-24 00:08:28
96366000|0.0019|1|2024-04-24 00:08:28
96367000|0.1064|1|2024-04-24 00:08:28
96370000|0.0001|1|2024-04-24 00:08:28
96376000|0.0002|1|2024-04-24 00:08:28
96314000|0.008|0|2024-04-24 00:08:33
96312000|0.0002|0|2024-04-24 00:08:33
96311000|0.0279|0|2024-04-24 00:08:33
96310000|0.0289|0|2024-04-24 00:08:33
96309000|0.0282|0|2024-04-24 00:08:33
96365000|0.0039|1|2024-04-24 00:08:33
96366000|0.0019|1|2024-04-24 00:08:33
96367000|0.1064|1|2024-04-24 00:08:33
96370000|0.0001|1|2024-04-24 00:08:33
96372000|0.0053|1|2024-04-24 00:08:33
96315000|0.0429|0|2024-04-24 00:08:38
96301000|0.0337|0|2024-04-24 00:08:38
96298000|0.0002|0|2024-04-24 00:08:38
96283000|0.323|0|2024-04-24 00:08:38
96263000|0.323|0|2024-04-24 00:08:38
96316000|0.0968|1|2024-04-24 00:08:38
96319000|0.0052|1|2024-04-24 00:08:38
96340000|0.008|1|2024-04-24 00:08:38
96351000|0.0632|1|2024-04-24 00:08:38
96355000|0.0082|1|2024-04-24 00:08:38
96315000|0.0213|0|2024-04-24 00:08:43
96309000|0.0052|0|2024-04-24 00:08:43
96279000|0.0002|0|2024-04-24 00:08:43
96278000|0.0001|0|2024-04-24 00:08:43
96276000|0.0202|0|2024-04-24 00:08:43
96316000|0.0265|1|2024-04-24 00:08:43
96340000|0.008|1|2024-04-24 00:08:43
96341000|0.068|1|2024-04-24 00:08:43
96342000|0.0315|1|2024-04-24 00:08:43
96343000|0.0262|1|2024-04-24 00:08:43
96267000|0.0004|0|2024-04-24 00:08:48
96266000|0.0002|0|2024-04-24 00:08:48
96260000|0.0046|0|2024-04-24 00:08:48
96253000|0.0001|0|2024-04-24 00:08:48
96251000|0.0096|0|2024-04-24 00:08:48
96307000|0.092|1|2024-04-24 00:08:48
96315000|0.0259|1|2024-04-24 00:08:48
96316000|0.0686|1|2024-04-24 00:08:48
96317000|0.0243|1|2024-04-24 00:08:48
96318000|0.002|1|2024-04-24 00:08:48
96270000|0.0102|0|2024-04-24 00:08:53
96269000|0.0002|0|2024-04-24 00:08:53
96268000|0.0001|0|2024-04-24 00:08:53
96267000|0.1374|0|2024-04-24 00:08:53
96266000|0.0002|0|2024-04-24 00:08:53
96316000|0.0265|1|2024-04-24 00:08:53
96328000|0.0082|1|2024-04-24 00:08:53
96329000|0.0939|1|2024-04-24 00:08:53
96330000|0.0619|1|2024-04-24 00:08:53
96331000|0.0598|1|2024-04-24 00:08:53
96279000|0.0002|0|2024-04-24 00:08:58
96278000|0.0336|0|2024-04-24 00:08:58
96275000|0.0806|0|2024-04-24 00:08:58
96272000|0.0138|0|2024-04-24 00:08:58
96270000|0.0527|0|2024-04-24 00:08:58
96316000|0.0265|1|2024-04-24 00:08:58
96325000|0.0939|1|2024-04-24 00:08:58
96326000|0.0179|1|2024-04-24 00:08:58
96341000|0.1717|1|2024-04-24 00:08:58
96342000|0.0315|1|2024-04-24 00:08:58
96270000|0.0527|0|2024-04-24 00:09:03
96269000|0.0002|0|2024-04-24 00:09:03
96263000|0.0001|0|2024-04-24 00:09:03
96262000|0.0002|0|2024-04-24 00:09:03
96261000|0.0335|0|2024-04-24 00:09:03
96311000|0.0039|1|2024-04-24 00:09:03
96315000|0.0939|1|2024-04-24 00:09:03
96316000|0.0265|1|2024-04-24 00:09:03
96324000|0.068|1|2024-04-24 00:09:03
96325000|0.0315|1|2024-04-24 00:09:03
96271000|0.0016|0|2024-04-24 00:09:08
96270000|0.0554|0|2024-04-24 00:09:08
96269000|0.0002|0|2024-04-24 00:09:08
96261000|0.0202|0|2024-04-24 00:09:08
96260000|0.0453|0|2024-04-24 00:09:08
96311000|0.0039|1|2024-04-24 00:09:08
96315000|0.0939|1|2024-04-24 00:09:08
96316000|0.0265|1|2024-04-24 00:09:08
96324000|0.0082|1|2024-04-24 00:09:08
96326000|0.0179|1|2024-04-24 00:09:08
96288000|0.0015|0|2024-04-24 00:09:13
96285000|0.0138|0|2024-04-24 00:09:13
96284000|0.0606|0|2024-04-24 00:09:13
96282000|0.0465|0|2024-04-24 00:09:13
96271000|0.0026|0|2024-04-24 00:09:13
96311000|0.0039|1|2024-04-24 00:09:13
96316000|0.0265|1|2024-04-24 00:09:13
96325000|0.0939|1|2024-04-24 00:09:13
96326000|0.0179|1|2024-04-24 00:09:13
96332000|0.008|1|2024-04-24 00:09:13
96302000|0.0103|0|2024-04-24 00:09:18
96301000|0.0532|0|2024-04-24 00:09:18
96299000|0.0461|0|2024-04-24 00:09:18
96271000|0.0026|0|2024-04-24 00:09:18
96270000|0.0554|0|2024-04-24 00:09:18
96316000|0.0251|1|2024-04-24 00:09:18
96326000|0.0179|1|2024-04-24 00:09:18
96332000|0.008|1|2024-04-24 00:09:18
96350000|0.0002|1|2024-04-24 00:09:18
96363000|0.1198|1|2024-04-24 00:09:18
96290000|0.1396|0|2024-04-24 00:09:23
96289000|0.0533|0|2024-04-24 00:09:23
96287000|0.0138|0|2024-04-24 00:09:23
96271000|0.0026|0|2024-04-24 00:09:23
96270000|0.0554|0|2024-04-24 00:09:23
96316000|0.0234|1|2024-04-24 00:09:23
96326000|0.0179|1|2024-04-24 00:09:23
96331000|0.008|1|2024-04-24 00:09:23
96350000|0.0935|1|2024-04-24 00:09:23
96351000|0.0259|1|2024-04-24 00:09:23
96270000|0.0554|0|2024-04-24 00:09:28
96269000|0.0002|0|2024-04-24 00:09:28
96260000|0.0046|0|2024-04-24 00:09:28
96251000|0.0096|0|2024-04-24 00:09:28
96246000|0.0288|0|2024-04-24 00:09:28
96271000|0.0652|1|2024-04-24 00:09:28
96272000|0.0123|1|2024-04-24 00:09:28
96273000|0.0251|1|2024-04-24 00:09:28
96274000|0.0339|1|2024-04-24 00:09:28
96275000|0.0193|1|2024-04-24 00:09:28
96240000|0.1299|0|2024-04-24 00:09:33
96220000|0.0003|0|2024-04-24 00:09:33
96214000|0.0051|0|2024-04-24 00:09:33
96213000|0.0015|0|2024-04-24 00:09:33
96212000|0.0138|0|2024-04-24 00:09:33
96277000|0.0067|1|2024-04-24 00:09:33
96278000|0.0251|1|2024-04-24 00:09:33
96280000|0.042|1|2024-04-24 00:09:33
96281000|0.0189|1|2024-04-24 00:09:33
96282000|0.0444|1|2024-04-24 00:09:33
96224000|0.0014|0|2024-04-24 00:09:38
96223000|0.0051|0|2024-04-24 00:09:38
96221000|0.0668|0|2024-04-24 00:09:38
96220000|0.0535|0|2024-04-24 00:09:38
96219000|0.0001|0|2024-04-24 00:09:38
96280000|0.0589|1|2024-04-24 00:09:38
96281000|0.0209|1|2024-04-24 00:09:38
96283000|0.019|1|2024-04-24 00:09:38
96284000|0.0251|1|2024-04-24 00:09:38
96285000|0.0459|1|2024-04-24 00:09:38
96240000|0.0072|0|2024-04-24 00:09:43
96235000|0.0014|0|2024-04-24 00:09:43
96234000|0.0051|0|2024-04-24 00:09:43
96232000|0.0349|0|2024-04-24 00:09:43
96231000|0.0533|0|2024-04-24 00:09:43
96280000|0.0593|1|2024-04-24 00:09:43
96293000|0.0209|1|2024-04-24 00:09:43
96295000|0.019|1|2024-04-24 00:09:43
96296000|0.0251|1|2024-04-24 00:09:43
96297000|0.054|1|2024-04-24 00:09:43
96240000|0.0105|0|2024-04-24 00:09:48
96235000|0.0014|0|2024-04-24 00:09:48
96234000|0.0051|0|2024-04-24 00:09:48
96232000|0.0654|0|2024-04-24 00:09:48
96231000|0.0533|0|2024-04-24 00:09:48
96280000|0.0593|1|2024-04-24 00:09:48
96293000|0.0209|1|2024-04-24 00:09:48
96295000|0.019|1|2024-04-24 00:09:48
96296000|0.0251|1|2024-04-24 00:09:48
96297000|0.054|1|2024-04-24 00:09:48
96247000|0.001|0|2024-04-24 00:09:53
96240000|0.0105|0|2024-04-24 00:09:53
96235000|0.0014|0|2024-04-24 00:09:53
96234000|0.0051|0|2024-04-24 00:09:53
96232000|0.0341|0|2024-04-24 00:09:53
96280000|0.0593|1|2024-04-24 00:09:53
96293000|0.0209|1|2024-04-24 00:09:53
96295000|0.019|1|2024-04-24 00:09:53
96296000|0.0251|1|2024-04-24 00:09:53
96297000|0.054|1|2024-04-24 00:09:53
96247000|0.0042|0|2024-04-24 00:09:58
96240000|0.0105|0|2024-04-24 00:09:58
96235000|0.0014|0|2024-04-24 00:09:58
96234000|0.0051|0|2024-04-24 00:09:58
96232000|0.0668|0|2024-04-24 00:09:58
96280000|0.0593|1|2024-04-24 00:09:58
96293000|0.0209|1|2024-04-24 00:09:58
96294000|0.0107|1|2024-04-24 00:09:58
96295000|0.019|1|2024-04-24 00:09:58
96296000|0.0251|1|2024-04-24 00:09:58
96269000|0.0014|0|2024-04-24 00:10:03
96268000|0.0051|0|2024-04-24 00:10:03
96266000|0.066|0|2024-04-24 00:10:03
96265000|0.0533|0|2024-04-24 00:10:03
96263000|0.0138|0|2024-04-24 00:10:03
96279000|0.1037|1|2024-04-24 00:10:03
96280000|0.0003|1|2024-04-24 00:10:03
96312000|0.008|1|2024-04-24 00:10:03
96316000|0.0234|1|2024-04-24 00:10:03
96318000|0.0111|1|2024-04-24 00:10:03
96275000|0.0051|0|2024-04-24 00:10:08
96274000|0.0159|0|2024-04-24 00:10:08
96270000|0.0323|0|2024-04-24 00:10:08
96269000|0.0084|0|2024-04-24 00:10:08
96263000|0.0164|0|2024-04-24 00:10:08
96280000|0.0|1|2024-04-24 00:10:08
96307000|0.008|1|2024-04-24 00:10:08
96316000|0.0234|1|2024-04-24 00:10:08
96326000|0.0179|1|2024-04-24 00:10:08
96336000|0.0102|1|2024-04-24 00:10:08
96315000|0.0002|0|2024-04-24 00:10:13
96314000|0.0051|0|2024-04-24 00:10:13
96313000|0.0138|0|2024-04-24 00:10:13
96312000|0.0316|0|2024-04-24 00:10:13
96286000|0.008|0|2024-04-24 00:10:13
96326000|0.0179|1|2024-04-24 00:10:13
96336000|0.0102|1|2024-04-24 00:10:13
96342000|0.1037|1|2024-04-24 00:10:13
96350000|0.0002|1|2024-04-24 00:10:13
96360000|0.0001|1|2024-04-24 00:10:13
96308000|0.0858|0|2024-04-24 00:10:18
96305000|0.0441|0|2024-04-24 00:10:18
96286000|0.008|0|2024-04-24 00:10:18
96283000|0.0109|0|2024-04-24 00:10:18
96270000|0.001|0|2024-04-24 00:10:18
96326000|0.0179|1|2024-04-24 00:10:18
96336000|0.0102|1|2024-04-24 00:10:18
96342000|0.1037|1|2024-04-24 00:10:18
96350000|0.0002|1|2024-04-24 00:10:18
96360000|0.0001|1|2024-04-24 00:10:18
96308000|0.0113|0|2024-04-24 00:10:23
96291000|0.0002|0|2024-04-24 00:10:23
96290000|0.0314|0|2024-04-24 00:10:23
96287000|0.0121|0|2024-04-24 00:10:23
96283000|0.0109|0|2024-04-24 00:10:23
96325000|0.1037|1|2024-04-24 00:10:23
96326000|0.0179|1|2024-04-24 00:10:23
96336000|0.0102|1|2024-04-24 00:10:23
96350000|0.0002|1|2024-04-24 00:10:23
96351000|0.026|1|2024-04-24 00:10:23
96308000|0.0|0|2024-04-24 00:10:28
96292000|0.008|0|2024-04-24 00:10:28
96283000|0.0109|0|2024-04-24 00:10:28
96270000|0.001|0|2024-04-24 00:10:28
96269000|0.0086|0|2024-04-24 00:10:28
96309000|0.026|1|2024-04-24 00:10:28
96311000|0.0661|1|2024-04-24 00:10:28
96312000|0.0332|1|2024-04-24 00:10:28
96314000|0.012|1|2024-04-24 00:10:28
96317000|0.042|1|2024-04-24 00:10:28
96270000|0.001|0|2024-04-24 00:10:33
96269000|0.0086|0|2024-04-24 00:10:33
96263000|0.0164|0|2024-04-24 00:10:33
96247000|0.0151|0|2024-04-24 00:10:33
96241000|0.0164|0|2024-04-24 00:10:33
96282000|0.0284|1|2024-04-24 00:10:33
96285000|0.0596|1|2024-04-24 00:10:33
96286000|0.0197|1|2024-04-24 00:10:33
96294000|0.0558|1|2024-04-24 00:10:33
96297000|0.0712|1|2024-04-24 00:10:33
96247000|0.012|0|2024-04-24 00:10:38
96241000|0.0164|0|2024-04-24 00:10:38
96240000|0.5107|0|2024-04-24 00:10:38
96224000|0.0065|0|2024-04-24 00:10:38
96220000|0.0003|0|2024-04-24 00:10:38
96257000|0.026|1|2024-04-24 00:10:38
96259000|0.0016|1|2024-04-24 00:10:38
96260000|0.0985|1|2024-04-24 00:10:38
96262000|0.012|1|2024-04-24 00:10:38
96265000|0.096|1|2024-04-24 00:10:38
96263000|0.0085|0|2024-04-24 00:10:43
96247000|0.0084|0|2024-04-24 00:10:43
96241000|0.0164|0|2024-04-24 00:10:43
96240000|0.5107|0|2024-04-24 00:10:43
96224000|0.0065|0|2024-04-24 00:10:43
96265000|0.0621|1|2024-04-24 00:10:43
96266000|0.026|1|2024-04-24 00:10:43
96268000|0.0016|1|2024-04-24 00:10:43
96269000|0.0251|1|2024-04-24 00:10:43
96270000|0.012|1|2024-04-24 00:10:43
96263000|0.0|0|2024-04-24 00:10:48
96247000|0.0249|0|2024-04-24 00:10:48
96241000|0.0328|0|2024-04-24 00:10:48
96240000|0.5107|0|2024-04-24 00:10:48
96224000|0.0065|0|2024-04-24 00:10:48
96265000|0.0621|1|2024-04-24 00:10:48
96266000|0.026|1|2024-04-24 00:10:48
96268000|0.0016|1|2024-04-24 00:10:48
96269000|0.0251|1|2024-04-24 00:10:48
96270000|0.012|1|2024-04-24 00:10:48
96247000|0.0166|0|2024-04-24 00:10:53
96241000|0.0328|0|2024-04-24 00:10:53
96240000|0.5107|0|2024-04-24 00:10:53
96224000|0.0065|0|2024-04-24 00:10:53
96220000|0.0003|0|2024-04-24 00:10:53
96263000|0.0061|1|2024-04-24 00:10:53
96265000|0.0621|1|2024-04-24 00:10:53
96266000|0.026|1|2024-04-24 00:10:53
96268000|0.0016|1|2024-04-24 00:10:53
96269000|0.0251|1|2024-04-24 00:10:53
96247000|0.0082|0|2024-04-24 00:10:58
96241000|0.0328|0|2024-04-24 00:10:58
96240000|0.5107|0|2024-04-24 00:10:58
96224000|0.0113|0|2024-04-24 00:10:58
96220000|0.0112|0|2024-04-24 00:10:58
96263000|0.0061|1|2024-04-24 00:10:58
96280000|0.026|1|2024-04-24 00:10:58
96281000|0.1039|1|2024-04-24 00:10:58
96282000|0.0016|1|2024-04-24 00:10:58
96283000|0.0332|1|2024-04-24 00:10:58
96240000|0.1174|0|2024-04-24 00:11:03
96237000|0.323|0|2024-04-24 00:11:03
96224000|0.0065|0|2024-04-24 00:11:03
96220000|0.0003|0|2024-04-24 00:11:03
96211000|0.0006|0|2024-04-24 00:11:03
96263000|0.0061|1|2024-04-24 00:11:03
96281000|0.0002|1|2024-04-24 00:11:03
96297000|0.0072|1|2024-04-24 00:11:03
96301000|0.1037|1|2024-04-24 00:11:03
96305000|0.026|1|2024-04-24 00:11:03
96240000|0.1176|0|2024-04-24 00:11:08
96237000|0.3232|0|2024-04-24 00:11:08
96236000|0.0001|0|2024-04-24 00:11:08
96232000|0.0002|0|2024-04-24 00:11:08
96224000|0.0065|0|2024-04-24 00:11:08
96263000|0.0061|1|2024-04-24 00:11:08
96281000|0.0002|1|2024-04-24 00:11:08
96292000|0.0644|1|2024-04-24 00:11:08
96294000|0.0081|1|2024-04-24 00:11:08
96296000|0.0589|1|2024-04-24 00:11:08
96242000|0.0005|0|2024-04-24 00:11:13
96241000|0.0166|0|2024-04-24 00:11:13
96240000|0.1174|0|2024-04-24 00:11:13
96237000|0.0002|0|2024-04-24 00:11:13
96230000|0.0001|0|2024-04-24 00:11:13
96263000|0.0061|1|2024-04-24 00:11:13
96281000|0.0002|1|2024-04-24 00:11:13
96288000|0.0081|1|2024-04-24 00:11:13
96289000|0.0588|1|2024-04-24 00:11:13
96290000|0.026|1|2024-04-24 00:11:13
96240000|0.1053|0|2024-04-24 00:11:18
96224000|0.0065|0|2024-04-24 00:11:18
96221000|0.3232|0|2024-04-24 00:11:18
96220000|0.0003|0|2024-04-24 00:11:18
96217000|0.0001|0|2024-04-24 00:11:18
96263000|0.0062|1|2024-04-24 00:11:18
96271000|0.0002|1|2024-04-24 00:11:18
96274000|0.0466|1|2024-04-24 00:11:18
96275000|0.0081|1|2024-04-24 00:11:18
96277000|0.0586|1|2024-04-24 00:11:18
96241000|0.0164|0|2024-04-24 00:11:23
96240000|0.022|0|2024-04-24 00:11:23
96234000|0.323|0|2024-04-24 00:11:23
96224000|0.0065|0|2024-04-24 00:11:23
96220000|0.0003|0|2024-04-24 00:11:23
96260000|0.005|1|2024-04-24 00:11:23
96262000|0.106|1|2024-04-24 00:11:23
96263000|0.0062|1|2024-04-24 00:11:23
96271000|0.0002|1|2024-04-24 00:11:23
96281000|0.0002|1|2024-04-24 00:11:23
96241000|0.0164|0|2024-04-24 00:11:28
96240000|0.0262|0|2024-04-24 00:11:28
96234000|0.0087|0|2024-04-24 00:11:28
96224000|0.0065|0|2024-04-24 00:11:28
96220000|0.0003|0|2024-04-24 00:11:28
96260000|0.005|1|2024-04-24 00:11:28
96262000|0.106|1|2024-04-24 00:11:28
96263000|0.0062|1|2024-04-24 00:11:28
96269000|0.0081|1|2024-04-24 00:11:28
96270000|0.0596|1|2024-04-24 00:11:28
96241000|0.0083|0|2024-04-24 00:11:33
96240000|0.0262|0|2024-04-24 00:11:33
96234000|0.0087|0|2024-04-24 00:11:33
96224000|0.0065|0|2024-04-24 00:11:33
96220000|0.0003|0|2024-04-24 00:11:33
96260000|0.005|1|2024-04-24 00:11:33
96262000|0.106|1|2024-04-24 00:11:33
96263000|0.0062|1|2024-04-24 00:11:33
96269000|0.0081|1|2024-04-24 00:11:33
96270000|0.0596|1|2024-04-24 00:11:33
96240000|0.0262|0|2024-04-24 00:11:38
96234000|0.0087|0|2024-04-24 00:11:38
96232000|0.323|0|2024-04-24 00:11:38
96224000|0.0065|0|2024-04-24 00:11:38
96222000|0.0001|0|2024-04-24 00:11:38
96241000|0.1062|1|2024-04-24 00:11:38
96260000|0.005|1|2024-04-24 00:11:38
96262000|0.106|1|2024-04-24 00:11:38
96263000|0.0062|1|2024-04-24 00:11:38
96271000|0.0002|1|2024-04-24 00:11:38
96240000|0.0|0|2024-04-24 00:11:43
96236000|0.0006|0|2024-04-24 00:11:43
96234000|0.0087|0|2024-04-24 00:11:43
96224000|0.0065|0|2024-04-24 00:11:43
96222000|0.0001|0|2024-04-24 00:11:43
96241000|0.1062|1|2024-04-24 00:11:43
96260000|0.005|1|2024-04-24 00:11:43
96262000|0.106|1|2024-04-24 00:11:43
96263000|0.0062|1|2024-04-24 00:11:43
96270000|0.0002|1|2024-04-24 00:11:43
96240000|0.0|0|2024-04-24 00:11:48
96239000|0.0004|0|2024-04-24 00:11:48
96234000|0.0088|0|2024-04-24 00:11:48
96224000|0.0065|0|2024-04-24 00:11:48
96222000|0.0001|0|2024-04-24 00:11:48
96241000|0.0799|1|2024-04-24 00:11:48
96260000|0.005|1|2024-04-24 00:11:48
96262000|0.106|1|2024-04-24 00:11:48
96263000|0.0062|1|2024-04-24 00:11:48
96270000|0.0002|1|2024-04-24 00:11:48
96234000|0.0088|0|2024-04-24 00:11:53
96229000|0.0001|0|2024-04-24 00:11:53
96224000|0.0067|0|2024-04-24 00:11:53
96220000|0.0003|0|2024-04-24 00:11:53
96219000|0.0335|0|2024-04-24 00:11:53
96239000|0.0077|1|2024-04-24 00:11:53
96241000|0.0799|1|2024-04-24 00:11:53
96260000|0.005|1|2024-04-24 00:11:53
96262000|0.106|1|2024-04-24 00:11:53
96263000|0.0062|1|2024-04-24 00:11:53
96235000|0.0155|0|2024-04-24 00:11:58
96234000|0.0088|0|2024-04-24 00:11:58
96224000|0.0065|0|2024-04-24 00:11:58
96220000|0.0003|0|2024-04-24 00:11:58
96219000|0.0335|0|2024-04-24 00:11:58
96239000|0.0012|1|2024-04-24 00:11:58
96241000|0.0799|1|2024-04-24 00:11:58
96260000|0.005|1|2024-04-24 00:11:58
96262000|0.106|1|2024-04-24 00:11:58
96263000|0.0062|1|2024-04-24 00:11:58
96234000|0.0088|0|2024-04-24 00:12:03
96224000|0.0065|0|2024-04-24 00:12:03
96222000|0.3318|0|2024-04-24 00:12:03
96220000|0.0003|0|2024-04-24 00:12:03
96219000|0.0335|0|2024-04-24 00:12:03
96239000|0.0012|1|2024-04-24 00:12:03
96241000|0.0799|1|2024-04-24 00:12:03
96260000|0.005|1|2024-04-24 00:12:03
96262000|0.106|1|2024-04-24 00:12:03
96263000|0.0062|1|2024-04-24 00:12:03
96234000|0.0088|0|2024-04-24 00:12:08
96224000|0.0065|0|2024-04-24 00:12:08
96222000|0.3232|0|2024-04-24 00:12:08
96220000|0.0003|0|2024-04-24 00:12:08
96219000|0.0335|0|2024-04-24 00:12:08
96239000|0.0012|1|2024-04-24 00:12:08
96241000|0.0799|1|2024-04-24 00:12:08
96260000|0.005|1|2024-04-24 00:12:08
96262000|0.106|1|2024-04-24 00:12:08
96263000|0.0062|1|2024-04-24 00:12:08
96234000|0.0088|0|2024-04-24 00:12:13
96224000|0.0065|0|2024-04-24 00:12:13
96223000|0.0907|0|2024-04-24 00:12:13
96222000|0.3232|0|2024-04-24 00:12:13
96220000|0.0003|0|2024-04-24 00:12:13
96239000|0.0009|1|2024-04-24 00:12:13
96241000|0.0799|1|2024-04-24 00:12:13
96260000|0.005|1|2024-04-24 00:12:13
96262000|0.106|1|2024-04-24 00:12:13
96263000|0.0062|1|2024-04-24 00:12:13
96234000|0.0088|0|2024-04-24 00:12:18
96224000|0.0065|0|2024-04-24 00:12:18
96222000|0.3232|0|2024-04-24 00:12:18
96220000|0.0003|0|2024-04-24 00:12:18
96219000|0.0934|0|2024-04-24 00:12:18
96239000|0.0009|1|2024-04-24 00:12:18
96241000|0.0799|1|2024-04-24 00:12:18
96260000|0.005|1|2024-04-24 00:12:18
96262000|0.106|1|2024-04-24 00:12:18
96263000|0.0061|1|2024-04-24 00:12:18
96234000|0.332|0|2024-04-24 00:12:23
96224000|0.0165|0|2024-04-24 00:12:23
96222000|0.0002|0|2024-04-24 00:12:23
96220000|0.0003|0|2024-04-24 00:12:23
96219000|0.0934|0|2024-04-24 00:12:23
96239000|0.0237|1|2024-04-24 00:12:23
96241000|0.0799|1|2024-04-24 00:12:23
96260000|0.005|1|2024-04-24 00:12:23
96262000|0.106|1|2024-04-24 00:12:23
96263000|0.0061|1|2024-04-24 00:12:23
96237000|0.002|0|2024-04-24 00:12:28
96234000|0.009|0|2024-04-24 00:12:28
96224000|0.0165|0|2024-04-24 00:12:28
96220000|0.0003|0|2024-04-24 00:12:28
96219000|0.0335|0|2024-04-24 00:12:28
96239000|0.0237|1|2024-04-24 00:12:28
96241000|0.0799|1|2024-04-24 00:12:28
96260000|0.005|1|2024-04-24 00:12:28
96261000|0.0903|1|2024-04-24 00:12:28
96262000|0.114|1|2024-04-24 00:12:28
96234000|0.009|0|2024-04-24 00:12:33
96224000|0.0165|0|2024-04-24 00:12:33
96220000|0.0003|0|2024-04-24 00:12:33
96219000|0.0335|0|2024-04-24 00:12:33
96211000|0.0021|0|2024-04-24 00:12:33
96239000|0.0222|1|2024-04-24 00:12:33
96241000|0.0799|1|2024-04-24 00:12:33
96260000|0.005|1|2024-04-24 00:12:33
96261000|0.0903|1|2024-04-24 00:12:33
96262000|0.114|1|2024-04-24 00:12:33
96241000|0.259|0|2024-04-24 00:12:38
96238000|0.0009|0|2024-04-24 00:12:38
96234000|0.009|0|2024-04-24 00:12:38
96224000|0.0165|0|2024-04-24 00:12:38
96220000|0.0003|0|2024-04-24 00:12:38
96259000|0.0607|1|2024-04-24 00:12:38
96260000|0.005|1|2024-04-24 00:12:38
96261000|0.008|1|2024-04-24 00:12:38
96262000|0.106|1|2024-04-24 00:12:38
96263000|0.0061|1|2024-04-24 00:12:38
96241000|0.1191|0|2024-04-24 00:12:43
96238000|0.0009|0|2024-04-24 00:12:43
96234000|0.0088|0|2024-04-24 00:12:43
96224000|0.0165|0|2024-04-24 00:12:43
96220000|0.0003|0|2024-04-24 00:12:43
96259000|0.0607|1|2024-04-24 00:12:43
96260000|0.005|1|2024-04-24 00:12:43
96261000|0.008|1|2024-04-24 00:12:43
96262000|0.106|1|2024-04-24 00:12:43
96263000|0.0061|1|2024-04-24 00:12:43
96241000|0.1134|0|2024-04-24 00:12:48
96238000|0.0009|0|2024-04-24 00:12:48
96234000|0.0088|0|2024-04-24 00:12:48
96224000|0.0165|0|2024-04-24 00:12:48
96220000|0.0003|0|2024-04-24 00:12:48
96259000|0.0607|1|2024-04-24 00:12:48
96260000|0.005|1|2024-04-24 00:12:48
96261000|0.008|1|2024-04-24 00:12:48
96262000|0.106|1|2024-04-24 00:12:48
96263000|0.0061|1|2024-04-24 00:12:48
96241000|0.105|0|2024-04-24 00:12:53
96239000|0.0004|0|2024-04-24 00:12:53
96234000|0.0088|0|2024-04-24 00:12:53
96224000|0.0165|0|2024-04-24 00:12:53
96220000|0.0003|0|2024-04-24 00:12:53
96260000|0.005|1|2024-04-24 00:12:53
96262000|0.106|1|2024-04-24 00:12:53
96263000|0.0141|1|2024-04-24 00:12:53
96270000|0.0002|1|2024-04-24 00:12:53
96271000|0.0002|1|2024-04-24 00:12:53
96241000|0.106|0|2024-04-24 00:12:58
96234000|0.0088|0|2024-04-24 00:12:58
96231000|0.3232|0|2024-04-24 00:12:58
96224000|0.0165|0|2024-04-24 00:12:58
96220000|0.0053|0|2024-04-24 00:12:58
96260000|0.005|1|2024-04-24 00:12:58
96262000|0.106|1|2024-04-24 00:12:58
96263000|0.0141|1|2024-04-24 00:12:58
96270000|0.0002|1|2024-04-24 00:12:58
96271000|0.0002|1|2024-04-24 00:12:58
96241000|0.1057|0|2024-04-24 00:13:03
96235000|0.01|0|2024-04-24 00:13:03
96234000|0.0088|0|2024-04-24 00:13:03
96231000|0.3232|0|2024-04-24 00:13:03
96224000|0.0165|0|2024-04-24 00:13:03
96260000|0.005|1|2024-04-24 00:13:03
96262000|0.106|1|2024-04-24 00:13:03
96263000|0.0061|1|2024-04-24 00:13:03
96264000|0.008|1|2024-04-24 00:13:03
96270000|0.0002|1|2024-04-24 00:13:03
96241000|0.1057|0|2024-04-24 00:13:08
96235000|0.01|0|2024-04-24 00:13:08
96234000|0.0088|0|2024-04-24 00:13:08
96231000|0.3232|0|2024-04-24 00:13:08
96224000|0.0065|0|2024-04-24 00:13:08
96260000|0.005|1|2024-04-24 00:13:08
96262000|0.106|1|2024-04-24 00:13:08
96263000|0.0061|1|2024-04-24 00:13:08
96264000|0.008|1|2024-04-24 00:13:08
96270000|0.0002|1|2024-04-24 00:13:08
96241000|0.0709|0|2024-04-24 00:13:13
96235000|0.01|0|2024-04-24 00:13:13
96234000|0.0088|0|2024-04-24 00:13:13
96231000|0.3232|0|2024-04-24 00:13:13
96224000|0.0065|0|2024-04-24 00:13:13
96260000|0.005|1|2024-04-24 00:13:13
96262000|0.106|1|2024-04-24 00:13:13
96263000|0.0061|1|2024-04-24 00:13:13
96265000|0.008|1|2024-04-24 00:13:13
96270000|0.0002|1|2024-04-24 00:13:13
96241000|0.0678|0|2024-04-24 00:13:18
96235000|0.01|0|2024-04-24 00:13:18
96234000|0.0088|0|2024-04-24 00:13:18
96224000|0.0065|0|2024-04-24 00:13:18
96220000|0.0053|0|2024-04-24 00:13:18
96260000|0.0668|1|2024-04-24 00:13:18
96262000|0.106|1|2024-04-24 00:13:18
96263000|0.0061|1|2024-04-24 00:13:18
96265000|0.034|1|2024-04-24 00:13:18
96266000|0.0315|1|2024-04-24 00:13:18
96241000|0.0002|0|2024-04-24 00:13:23
96235000|0.01|0|2024-04-24 00:13:23
96234000|0.0088|0|2024-04-24 00:13:23
96233000|0.3232|0|2024-04-24 00:13:23
96224000|0.0065|0|2024-04-24 00:13:23
96260000|0.005|1|2024-04-24 00:13:23
96262000|0.106|1|2024-04-24 00:13:23
96263000|0.0061|1|2024-04-24 00:13:23
96266000|0.008|1|2024-04-24 00:13:23
96270000|0.0002|1|2024-04-24 00:13:23
96260000|0.0061|0|2024-04-24 00:13:28
96235000|0.0052|0|2024-04-24 00:13:28
96234000|0.0088|0|2024-04-24 00:13:28
96224000|0.0065|0|2024-04-24 00:13:28
96220000|0.0084|0|2024-04-24 00:13:28
96262000|0.1183|1|2024-04-24 00:13:28
96263000|0.0312|1|2024-04-24 00:13:28
96264000|0.059|1|2024-04-24 00:13:28
96266000|0.008|1|2024-04-24 00:13:28
96268000|0.0189|1|2024-04-24 00:13:28
96235000|0.0052|0|2024-04-24 00:13:33
96234000|0.0088|0|2024-04-24 00:13:33
96224000|0.0065|0|2024-04-24 00:13:33
96220000|0.0084|0|2024-04-24 00:13:33
96219000|0.0335|0|2024-04-24 00:13:33
96260000|0.0259|1|2024-04-24 00:13:33
96261000|0.0315|1|2024-04-24 00:13:33
96262000|0.1183|1|2024-04-24 00:13:33
96263000|0.0312|1|2024-04-24 00:13:33
96264000|0.0673|1|2024-04-24 00:13:33
96236000|0.0008|0|2024-04-24 00:13:38
96235000|0.0052|0|2024-04-24 00:13:38
96234000|0.0088|0|2024-04-24 00:13:38
96224000|0.0065|0|2024-04-24 00:13:38
96220000|0.0084|0|2024-04-24 00:13:38
96260000|0.0259|1|2024-04-24 00:13:38
96261000|0.0315|1|2024-04-24 00:13:38
96262000|0.1183|1|2024-04-24 00:13:38
96263000|0.0312|1|2024-04-24 00:13:38
96264000|0.0673|1|2024-04-24 00:13:38
96236000|0.0008|0|2024-04-24 00:13:43
96235000|0.0052|0|2024-04-24 00:13:43
96234000|0.0088|0|2024-04-24 00:13:43
96224000|0.0065|0|2024-04-24 00:13:43
96220000|0.0084|0|2024-04-24 00:13:43
96259000|0.0842|1|2024-04-24 00:13:43
96262000|0.1183|1|2024-04-24 00:13:43
96263000|0.0061|1|2024-04-24 00:13:43
96264000|0.0592|1|2024-04-24 00:13:43
96267000|0.008|1|2024-04-24 00:13:43
96224000|0.0065|0|2024-04-24 00:13:48
96220000|0.0084|0|2024-04-24 00:13:48
96219000|0.0335|0|2024-04-24 00:13:48
96214000|0.0002|0|2024-04-24 00:13:48
96211000|0.0021|0|2024-04-24 00:13:48
96229000|0.0315|1|2024-04-24 00:13:48
96230000|0.0123|1|2024-04-24 00:13:48
96233000|0.0059|1|2024-04-24 00:13:48
96234000|0.042|1|2024-04-24 00:13:48
96235000|0.0189|1|2024-04-24 00:13:48
96224000|0.0001|0|2024-04-24 00:13:53
96220000|0.0084|0|2024-04-24 00:13:53
96219000|0.0335|0|2024-04-24 00:13:53
96214000|0.0002|0|2024-04-24 00:13:53
96211000|0.0021|0|2024-04-24 00:13:53
96227000|0.0226|1|2024-04-24 00:13:53
96229000|0.0315|1|2024-04-24 00:13:53
96230000|0.0123|1|2024-04-24 00:13:53
96231000|0.0251|1|2024-04-24 00:13:53
96233000|0.0059|1|2024-04-24 00:13:53
96210000|0.0|0|2024-04-24 00:13:58
96209000|0.0001|0|2024-04-24 00:13:58
96204000|0.0001|0|2024-04-24 00:13:58
96200000|0.1593|0|2024-04-24 00:13:58
96198000|0.0029|0|2024-04-24 00:13:58
96242000|0.0226|1|2024-04-24 00:13:58
96243000|0.0315|1|2024-04-24 00:13:58
96244000|0.0123|1|2024-04-24 00:13:58
96245000|0.0251|1|2024-04-24 00:13:58
96248000|0.0059|1|2024-04-24 00:13:58
96210000|0.0|0|2024-04-24 00:14:03
96209000|0.0003|0|2024-04-24 00:14:03
96205000|0.005|0|2024-04-24 00:14:03
96204000|0.0001|0|2024-04-24 00:14:03
96200000|0.1593|0|2024-04-24 00:14:03
96216000|0.0541|1|2024-04-24 00:14:03
96217000|0.0123|1|2024-04-24 00:14:03
96218000|0.0251|1|2024-04-24 00:14:03
96221000|0.0059|1|2024-04-24 00:14:03
96222000|0.042|1|2024-04-24 00:14:03
96200000|0.1593|0|2024-04-24 00:14:08
96198000|0.0029|0|2024-04-24 00:14:08
96196000|0.0004|0|2024-04-24 00:14:08
96195000|0.01|0|2024-04-24 00:14:08
96188000|0.029|0|2024-04-24 00:14:08
96204000|0.0005|1|2024-04-24 00:14:08
96205000|0.0073|1|2024-04-24 00:14:08
96208000|0.0189|1|2024-04-24 00:14:08
96210000|0.0333|1|2024-04-24 00:14:08
96212000|0.0235|1|2024-04-24 00:14:08
96151000|0.02|0|2024-04-24 00:14:13
96150000|0.0242|0|2024-04-24 00:14:13
96144000|0.02|0|2024-04-24 00:14:13
96142000|0.1237|0|2024-04-24 00:14:13
96141000|0.0005|0|2024-04-24 00:14:13
96169000|0.034|1|2024-04-24 00:14:13
96179000|0.0138|1|2024-04-24 00:14:13
96183000|0.0617|1|2024-04-24 00:14:13
96184000|0.0542|1|2024-04-24 00:14:13
96185000|0.0059|1|2024-04-24 00:14:13
96150000|0.0042|0|2024-04-24 00:14:18
96142000|0.1037|0|2024-04-24 00:14:18
96141000|0.0005|0|2024-04-24 00:14:18
96140000|0.0056|0|2024-04-24 00:14:18
96139000|0.0002|0|2024-04-24 00:14:18
96166000|0.0665|1|2024-04-24 00:14:18
96167000|0.0189|1|2024-04-24 00:14:18
96168000|0.1353|1|2024-04-24 00:14:18
96169000|0.0113|1|2024-04-24 00:14:18
96170000|0.0911|1|2024-04-24 00:14:18
96166000|0.4338|0|2024-04-24 00:14:23
96150000|0.0031|0|2024-04-24 00:14:23
96142000|0.1037|0|2024-04-24 00:14:23
96141000|0.0005|0|2024-04-24 00:14:23
96140000|0.0056|0|2024-04-24 00:14:23
96167000|0.0189|1|2024-04-24 00:14:23
96168000|0.1013|1|2024-04-24 00:14:23
96169000|0.0213|1|2024-04-24 00:14:23
96170000|0.0911|1|2024-04-24 00:14:23
96171000|0.0465|1|2024-04-24 00:14:23
96166000|0.1021|0|2024-04-24 00:14:28
96150000|0.0031|0|2024-04-24 00:14:28
96142000|0.1039|0|2024-04-24 00:14:28
96141000|0.0005|0|2024-04-24 00:14:28
96140000|0.0056|0|2024-04-24 00:14:28
96167000|0.0821|1|2024-04-24 00:14:28
96169000|0.1023|1|2024-04-24 00:14:28
96171000|0.0805|1|2024-04-24 00:14:28
96173000|0.045|1|2024-04-24 00:14:28
96174000|0.0404|1|2024-04-24 00:14:28
96166000|0.1021|0|2024-04-24 00:14:33
96150000|0.0031|0|2024-04-24 00:14:33
96141000|0.0005|0|2024-04-24 00:14:33
96140000|0.0056|0|2024-04-24 00:14:33
96139000|0.0002|0|2024-04-24 00:14:33
96171000|0.0288|1|2024-04-24 00:14:33
96181000|0.0283|1|2024-04-24 00:14:33
96182000|0.0365|1|2024-04-24 00:14:33
96183000|0.0268|1|2024-04-24 00:14:33
96184000|0.0542|1|2024-04-24 00:14:33
96167000|0.0414|0|2024-04-24 00:14:38
96166000|0.1021|0|2024-04-24 00:14:38
96162000|0.323|0|2024-04-24 00:14:38
96161000|0.0338|0|2024-04-24 00:14:38
96158000|0.0712|0|2024-04-24 00:14:38
96203000|0.0002|1|2024-04-24 00:14:38
96209000|0.0002|1|2024-04-24 00:14:38
96225000|0.0235|1|2024-04-24 00:14:38
96226000|0.0916|1|2024-04-24 00:14:38
96227000|0.0732|1|2024-04-24 00:14:38
96182000|0.0001|0|2024-04-24 00:14:43
96180000|0.057|0|2024-04-24 00:14:43
96178000|0.0615|0|2024-04-24 00:14:43
96177000|0.0138|0|2024-04-24 00:14:43
96176000|0.0081|0|2024-04-24 00:14:43
96203000|0.0002|1|2024-04-24 00:14:43
96209000|0.0002|1|2024-04-24 00:14:43
96224000|0.008|1|2024-04-24 00:14:43
96240000|0.106|1|2024-04-24 00:14:43
96241000|0.0338|1|2024-04-24 00:14:43
96188000|0.0351|0|2024-04-24 00:14:48
96187000|0.0283|0|2024-04-24 00:14:48
96186000|0.0011|0|2024-04-24 00:14:48
96184000|0.0838|0|2024-04-24 00:14:48
96183000|0.0798|0|2024-04-24 00:14:48
96203000|0.0002|1|2024-04-24 00:14:48
96209000|0.0002|1|2024-04-24 00:14:48
96224000|0.008|1|2024-04-24 00:14:48
96240000|0.106|1|2024-04-24 00:14:48
96250000|0.0408|1|2024-04-24 00:14:48
96186000|0.001|0|2024-04-24 00:14:53
96185000|0.0351|0|2024-04-24 00:14:53
96184000|0.0363|0|2024-04-24 00:14:53
96183000|0.0014|0|2024-04-24 00:14:53
96182000|0.0757|0|2024-04-24 00:14:53
96203000|0.0002|1|2024-04-24 00:14:53
96209000|0.0002|1|2024-04-24 00:14:53
96222000|0.008|1|2024-04-24 00:14:53
96240000|0.106|1|2024-04-24 00:14:53
96241000|0.1038|1|2024-04-24 00:14:53
96187000|0.0519|0|2024-04-24 00:14:58
96186000|0.0207|0|2024-04-24 00:14:58
96185000|0.0352|0|2024-04-24 00:14:58
96184000|0.0363|0|2024-04-24 00:14:58
96183000|0.0014|0|2024-04-24 00:14:58
96203000|0.0002|1|2024-04-24 00:14:58
96209000|0.0002|1|2024-04-24 00:14:58
96222000|0.1118|1|2024-04-24 00:14:58
96240000|0.106|1|2024-04-24 00:14:58
96248000|0.0408|1|2024-04-24 00:14:58
96190000|0.0348|0|2024-04-24 00:15:03
96189000|0.0282|0|2024-04-24 00:15:03
96188000|0.3233|0|2024-04-24 00:15:03
96187000|0.0519|0|2024-04-24 00:15:03
96186000|0.1041|0|2024-04-24 00:15:03
96209000|0.0002|1|2024-04-24 00:15:03
96220000|0.008|1|2024-04-24 00:15:03
96240000|0.106|1|2024-04-24 00:15:03
96249000|0.0749|1|2024-04-24 00:15:03
96250000|0.1038|1|2024-04-24 00:15:03
96204000|0.0436|0|2024-04-24 00:15:08
96188000|0.0002|0|2024-04-24 00:15:08
96187000|0.0519|0|2024-04-24 00:15:08
96186000|0.0207|0|2024-04-24 00:15:08
96167000|0.0414|0|2024-04-24 00:15:08
96209000|0.0002|1|2024-04-24 00:15:08
96213000|0.007|1|2024-04-24 00:15:08
96217000|0.0615|1|2024-04-24 00:15:08
96218000|0.0574|1|2024-04-24 00:15:08
96220000|0.0371|1|2024-04-24 00:15:08
96204000|0.0298|0|2024-04-24 00:15:13
96188000|0.0002|0|2024-04-24 00:15:13
96187000|0.0519|0|2024-04-24 00:15:13
96186000|0.0207|0|2024-04-24 00:15:13
96167000|0.0414|0|2024-04-24 00:15:13
96211000|0.0196|1|2024-04-24 00:15:13
96212000|0.0235|1|2024-04-24 00:15:13
96215000|0.0732|1|2024-04-24 00:15:13
96218000|0.0388|1|2024-04-24 00:15:13
96220000|0.0861|1|2024-04-24 00:15:13
96188000|0.0002|0|2024-04-24 00:15:18
96187000|0.0519|0|2024-04-24 00:15:18
96186000|0.0207|0|2024-04-24 00:15:18
96167000|0.0414|0|2024-04-24 00:15:18
96166000|0.1021|0|2024-04-24 00:15:18
96208000|0.007|1|2024-04-24 00:15:18
96212000|0.0856|1|2024-04-24 00:15:18
96213000|0.0235|1|2024-04-24 00:15:18
96215000|0.0291|1|2024-04-24 00:15:18
96216000|0.0732|1|2024-04-24 00:15:18
96187000|0.0519|0|2024-04-24 00:15:23
96186000|0.0207|0|2024-04-24 00:15:23
96167000|0.0414|0|2024-04-24 00:15:23
96166000|0.1021|0|2024-04-24 00:15:23
96158000|0.0298|0|2024-04-24 00:15:23
96188000|0.1037|1|2024-04-24 00:15:23
96212000|0.0339|1|2024-04-24 00:15:23
96216000|0.0446|1|2024-04-24 00:15:23
96217000|0.0001|1|2024-04-24 00:15:23
96220000|0.008|1|2024-04-24 00:15:23
96167000|0.0397|0|2024-04-24 00:15:28
96166000|0.1021|0|2024-04-24 00:15:28
96150000|0.0031|0|2024-04-24 00:15:28
96141000|0.0005|0|2024-04-24 00:15:28
96140000|0.0056|0|2024-04-24 00:15:28
96182000|0.007|1|2024-04-24 00:15:28
96186000|0.0357|1|2024-04-24 00:15:28
96188000|0.1328|1|2024-04-24 00:15:28
96189000|0.0732|1|2024-04-24 00:15:28
96190000|0.0001|1|2024-04-24 00:15:28
96166000|0.0391|0|2024-04-24 00:15:33
96150000|0.0031|0|2024-04-24 00:15:33
96141000|0.0005|0|2024-04-24 00:15:33
96140000|0.0056|0|2024-04-24 00:15:33
96139000|0.0002|0|2024-04-24 00:15:33
96167000|0.1988|1|2024-04-24 00:15:33
96168000|0.0001|1|2024-04-24 00:15:33
96172000|0.0118|1|2024-04-24 00:15:33
96173000|0.0388|1|2024-04-24 00:15:33
96175000|0.0656|1|2024-04-24 00:15:33
96141000|0.0005|0|2024-04-24 00:15:38
96140000|0.0056|0|2024-04-24 00:15:38
96139000|0.0002|0|2024-04-24 00:15:38
96135000|0.0004|0|2024-04-24 00:15:38
96134000|0.0001|0|2024-04-24 00:15:38
96150000|0.0001|1|2024-04-24 00:15:38
96154000|0.087|1|2024-04-24 00:15:38
96156000|0.0404|1|2024-04-24 00:15:38
96162000|0.0519|1|2024-04-24 00:15:38
96163000|0.0268|1|2024-04-24 00:15:38
96141000|0.0005|0|2024-04-24 00:15:43
96140000|0.0056|0|2024-04-24 00:15:43
96139000|0.0002|0|2024-04-24 00:15:43
96135000|0.0004|0|2024-04-24 00:15:43
96134000|0.0001|0|2024-04-24 00:15:43
96150000|0.0001|1|2024-04-24 00:15:43
96151000|0.0603|1|2024-04-24 00:15:43
96154000|0.087|1|2024-04-24 00:15:43
96156000|0.0404|1|2024-04-24 00:15:43
96159000|0.045|1|2024-04-24 00:15:43
96150000|0.1126|0|2024-04-24 00:15:48
96141000|0.0005|0|2024-04-24 00:15:48
96140000|0.0056|0|2024-04-24 00:15:48
96139000|0.0002|0|2024-04-24 00:15:48
96135000|0.0004|0|2024-04-24 00:15:48
96151000|0.0423|1|2024-04-24 00:15:48
96154000|0.087|1|2024-04-24 00:15:48
96156000|0.0404|1|2024-04-24 00:15:48
96159000|0.045|1|2024-04-24 00:15:48
96162000|0.0802|1|2024-04-24 00:15:48
96141000|0.004|0|2024-04-24 00:15:53
96140000|0.0056|0|2024-04-24 00:15:53
96139000|0.0002|0|2024-04-24 00:15:53
96135000|0.0004|0|2024-04-24 00:15:53
96134000|0.0001|0|2024-04-24 00:15:53
96142000|0.0424|1|2024-04-24 00:15:53
96147000|0.0783|1|2024-04-24 00:15:53
96149000|0.0404|1|2024-04-24 00:15:53
96150000|0.125|1|2024-04-24 00:15:53
96151000|0.2369|1|2024-04-24 00:15:53
96142000|0.02|0|2024-04-24 00:15:58
96130000|0.0003|0|2024-04-24 00:15:58
96120000|0.0052|0|2024-04-24 00:15:58
96118000|0.0003|0|2024-04-24 00:15:58
96114000|0.0019|0|2024-04-24 00:15:58
96147000|0.0783|1|2024-04-24 00:15:58
96149000|0.0404|1|2024-04-24 00:15:58
96150000|0.1286|1|2024-04-24 00:15:58
96151000|0.2369|1|2024-04-24 00:15:58
96154000|0.3513|1|2024-04-24 00:15:58
96130000|0.0003|0|2024-04-24 00:16:03
96120000|0.0052|0|2024-04-24 00:16:03
96118000|0.0003|0|2024-04-24 00:16:03
96114000|0.0019|0|2024-04-24 00:16:03
96113000|0.1038|0|2024-04-24 00:16:03
96136000|0.0783|1|2024-04-24 00:16:03
96138000|0.0404|1|2024-04-24 00:16:03
96140000|0.0334|1|2024-04-24 00:16:03
96143000|0.0283|1|2024-04-24 00:16:03
96144000|0.0519|1|2024-04-24 00:16:03
96142000|0.0105|0|2024-04-24 00:16:08
96130000|0.0003|0|2024-04-24 00:16:08
96120000|0.0052|0|2024-04-24 00:16:08
96118000|0.0003|0|2024-04-24 00:16:08
96114000|0.0019|0|2024-04-24 00:16:08
96144000|0.0363|1|2024-04-24 00:16:08
96146000|0.0364|1|2024-04-24 00:16:08
96148000|0.0656|1|2024-04-24 00:16:08
96149000|0.0082|1|2024-04-24 00:16:08
96150000|0.0283|1|2024-04-24 00:16:08
96120000|0.0052|0|2024-04-24 00:16:13
96118000|0.0003|0|2024-04-24 00:16:13
96114000|0.0019|0|2024-04-24 00:16:13
96109000|0.0014|0|2024-04-24 00:16:13
96108000|0.0035|0|2024-04-24 00:16:13
96130000|0.4923|1|2024-04-24 00:16:13
96131000|0.0082|1|2024-04-24 00:16:13
96136000|0.0584|1|2024-04-24 00:16:13
96137000|0.0365|1|2024-04-24 00:16:13
96144000|0.04|1|2024-04-24 00:16:13
96104000|0.1038|0|2024-04-24 00:16:18
96102000|0.0322|0|2024-04-24 00:16:18
96100000|0.0177|0|2024-04-24 00:16:18
96097000|0.0011|0|2024-04-24 00:16:18
96092000|0.0001|0|2024-04-24 00:16:18
96105000|0.1016|1|2024-04-24 00:16:18
96115000|0.0468|1|2024-04-24 00:16:18
96118000|0.0203|1|2024-04-24 00:16:18
96119000|0.0365|1|2024-04-24 00:16:18
96122000|0.0204|1|2024-04-24 00:16:18
96102000|0.0322|0|2024-04-24 00:16:23
96100000|0.0177|0|2024-04-24 00:16:23
96097000|0.0011|0|2024-04-24 00:16:23
96092000|0.0001|0|2024-04-24 00:16:23
96087000|0.0001|0|2024-04-24 00:16:23
96105000|0.0435|1|2024-04-24 00:16:23
96109000|0.0011|1|2024-04-24 00:16:23
96119000|0.0225|1|2024-04-24 00:16:23
96121000|0.0578|1|2024-04-24 00:16:23
96122000|0.0884|1|2024-04-24 00:16:23
96100000|0.098|0|2024-04-24 00:16:28
96097000|0.0011|0|2024-04-24 00:16:28
96092000|0.0001|0|2024-04-24 00:16:28
96087000|0.0001|0|2024-04-24 00:16:28
96084000|0.02|0|2024-04-24 00:16:28
96102000|0.0241|1|2024-04-24 00:16:28
96105000|0.0405|1|2024-04-24 00:16:28
96106000|0.0288|1|2024-04-24 00:16:28
96109000|0.0555|1|2024-04-24 00:16:28
96110000|0.0868|1|2024-04-24 00:16:28
96100000|0.099|0|2024-04-24 00:16:33
96097000|0.0011|0|2024-04-24 00:16:33
96092000|0.0001|0|2024-04-24 00:16:33
96087000|0.0001|0|2024-04-24 00:16:33
96081000|0.0102|0|2024-04-24 00:16:33
96102000|0.0385|1|2024-04-24 00:16:33
96104000|0.442|1|2024-04-24 00:16:33
96105000|0.077|1|2024-04-24 00:16:33
96106000|0.0288|1|2024-04-24 00:16:33
96108000|0.0204|1|2024-04-24 00:16:33
96092000|0.0001|0|2024-04-24 00:16:38
96087000|0.0001|0|2024-04-24 00:16:38
96081000|0.0102|0|2024-04-24 00:16:38
96080000|0.0001|0|2024-04-24 00:16:38
96074000|0.0004|0|2024-04-24 00:16:38
96093000|0.0204|1|2024-04-24 00:16:38
96096000|0.0116|1|2024-04-24 00:16:38
96098000|0.0242|1|2024-04-24 00:16:38
96102000|0.0097|1|2024-04-24 00:16:38
96104000|0.0093|1|2024-04-24 00:16:38
96057000|0.0067|0|2024-04-24 00:16:43
96054000|0.0001|0|2024-04-24 00:16:43
96050000|0.0117|0|2024-04-24 00:16:43
96043000|0.001|0|2024-04-24 00:16:43
96040000|0.0118|0|2024-04-24 00:16:43
96059000|0.3564|1|2024-04-24 00:16:43
96072000|0.0469|1|2024-04-24 00:16:43
96074000|0.0287|1|2024-04-24 00:16:43
96076000|0.0204|1|2024-04-24 00:16:43
96077000|0.0177|1|2024-04-24 00:16:43
96057000|0.0067|0|2024-04-24 00:16:48
96054000|0.0001|0|2024-04-24 00:16:48
96050000|0.0117|0|2024-04-24 00:16:48
96043000|0.001|0|2024-04-24 00:16:48
96040000|0.0118|0|2024-04-24 00:16:48
96059000|0.3417|1|2024-04-24 00:16:48
96075000|0.0469|1|2024-04-24 00:16:48
96079000|0.0204|1|2024-04-24 00:16:48
96080000|0.0177|1|2024-04-24 00:16:48
96083000|0.038|1|2024-04-24 00:16:48
96059000|0.0084|0|2024-04-24 00:16:53
96057000|0.0055|0|2024-04-24 00:16:53
96054000|0.0001|0|2024-04-24 00:16:53
96050000|0.0722|0|2024-04-24 00:16:53
96043000|0.001|0|2024-04-24 00:16:53
96063000|0.0031|1|2024-04-24 00:16:53
96075000|0.0469|1|2024-04-24 00:16:53
96078000|0.0287|1|2024-04-24 00:16:53
96079000|0.0204|1|2024-04-24 00:16:53
96080000|0.0177|1|2024-04-24 00:16:53
96003000|0.0522|0|2024-04-24 00:16:58
96001000|0.57|0|2024-04-24 00:16:58
96000000|0.1809|0|2024-04-24 00:16:58
95999000|0.0001|0|2024-04-24 00:16:58
95998000|0.0195|0|2024-04-24 00:16:58
96056000|0.065|1|2024-04-24 00:16:58
96079000|0.0102|1|2024-04-24 00:16:58
96080000|1.0181|1|2024-04-24 00:16:58
96082000|0.0634|1|2024-04-24 00:16:58
96083000|1.8002|1|2024-04-24 00:16:58
96001000|0.1166|0|2024-04-24 00:17:03
96000000|0.1811|0|2024-04-24 00:17:03
95999000|0.0001|0|2024-04-24 00:17:03
95998000|0.0195|0|2024-04-24 00:17:03
95994000|0.0153|0|2024-04-24 00:17:03
96031000|0.0082|1|2024-04-24 00:17:03
96036000|0.0284|1|2024-04-24 00:17:03
96040000|0.323|1|2024-04-24 00:17:03
96054000|0.0578|1|2024-04-24 00:17:03
96078000|0.323|1|2024-04-24 00:17:03
96002000|0.0917|0|2024-04-24 00:17:08
96001000|0.1166|0|2024-04-24 00:17:08
96000000|0.1811|0|2024-04-24 00:17:08
95999000|0.0001|0|2024-04-24 00:17:08
95998000|0.0195|0|2024-04-24 00:17:08
96031000|0.0131|1|2024-04-24 00:17:08
96053000|0.0082|1|2024-04-24 00:17:08
96077000|0.0601|1|2024-04-24 00:17:08
96079000|0.0582|1|2024-04-24 00:17:08
96080000|0.0002|1|2024-04-24 00:17:08
96003000|0.0032|0|2024-04-24 00:17:13
96001000|0.2088|0|2024-04-24 00:17:13
96000000|0.3032|0|2024-04-24 00:17:13
95999000|0.0001|0|2024-04-24 00:17:13
95998000|0.0195|0|2024-04-24 00:17:13
96069000|0.0284|1|2024-04-24 00:17:13
96070000|0.0082|1|2024-04-24 00:17:13
96071000|0.0387|1|2024-04-24 00:17:13
96080000|0.0002|1|2024-04-24 00:17:13
96083000|0.0002|1|2024-04-24 00:17:13
96003000|0.0153|0|2024-04-24 00:17:18
96001000|0.0967|0|2024-04-24 00:17:18
96000000|0.3032|0|2024-04-24 00:17:18
95999000|0.0001|0|2024-04-24 00:17:18
95998000|0.0195|0|2024-04-24 00:17:18
96055000|0.0284|1|2024-04-24 00:17:18
96056000|0.0082|1|2024-04-24 00:17:18
96057000|0.0387|1|2024-04-24 00:17:18
96071000|0.0572|1|2024-04-24 00:17:18
96072000|0.323|1|2024-04-24 00:17:18
96005000|0.3094|0|2024-04-24 00:17:23
96002000|0.0026|0|2024-04-24 00:17:23
96001000|0.0092|0|2024-04-24 00:17:23
96000000|0.4175|0|2024-04-24 00:17:23
95999000|0.0001|0|2024-04-24 00:17:23
96066000|0.0284|1|2024-04-24 00:17:23
96067000|0.0082|1|2024-04-24 00:17:23
96068000|0.0387|1|2024-04-24 00:17:23
96072000|0.0002|1|2024-04-24 00:17:23
96080000|0.0002|1|2024-04-24 00:17:23
96005000|0.0002|0|2024-04-24 00:17:28
96002000|0.0026|0|2024-04-24 00:17:28
96001000|0.0921|0|2024-04-24 00:17:28
96000000|0.4539|0|2024-04-24 00:17:28
95999000|0.0001|0|2024-04-24 00:17:28
96072000|0.0286|1|2024-04-24 00:17:28
96073000|0.0082|1|2024-04-24 00:17:28
96074000|0.0387|1|2024-04-24 00:17:28
96080000|0.0002|1|2024-04-24 00:17:28
96083000|0.0002|1|2024-04-24 00:17:28
96006000|0.0055|0|2024-04-24 00:17:33
96005000|0.0002|0|2024-04-24 00:17:33
96002000|0.0026|0|2024-04-24 00:17:33
96001000|0.01|0|2024-04-24 00:17:33
96000000|0.3409|0|2024-04-24 00:17:33
96049000|0.0284|1|2024-04-24 00:17:33
96050000|0.0082|1|2024-04-24 00:17:33
96051000|0.0387|1|2024-04-24 00:17:33
96066000|0.0001|1|2024-04-24 00:17:33
96072000|0.0002|1|2024-04-24 00:17:33
96007000|0.0406|0|2024-04-24 00:17:38
96006000|0.0055|0|2024-04-24 00:17:38
96005000|0.0003|0|2024-04-24 00:17:38
96002000|0.0026|0|2024-04-24 00:17:38
96001000|0.01|0|2024-04-24 00:17:38
96065000|0.0284|1|2024-04-24 00:17:38
96066000|0.0083|1|2024-04-24 00:17:38
96067000|0.0387|1|2024-04-24 00:17:38
96072000|0.0002|1|2024-04-24 00:17:38
96080000|0.0002|1|2024-04-24 00:17:38
96007000|0.0406|0|2024-04-24 00:17:43
96006000|0.0055|0|2024-04-24 00:17:43
96005000|0.0003|0|2024-04-24 00:17:43
96002000|0.1311|0|2024-04-24 00:17:43
96001000|0.0867|0|2024-04-24 00:17:43
96066000|0.0001|1|2024-04-24 00:17:43
96072000|0.0002|1|2024-04-24 00:17:43
96074000|0.0284|1|2024-04-24 00:17:43
96075000|0.0082|1|2024-04-24 00:17:43
96076000|0.0387|1|2024-04-24 00:17:43
96066000|0.0017|0|2024-04-24 00:17:48
96033000|0.0918|0|2024-04-24 00:17:48
96032000|0.0363|0|2024-04-24 00:17:48
96029000|0.0273|0|2024-04-24 00:17:48
96028000|0.0295|0|2024-04-24 00:17:48
96072000|0.0002|1|2024-04-24 00:17:48
96080000|0.0002|1|2024-04-24 00:17:48
96083000|0.0002|1|2024-04-24 00:17:48
96091000|0.008|1|2024-04-24 00:17:48
96102000|0.1039|1|2024-04-24 00:17:48
96052000|0.0918|0|2024-04-24 00:17:53
96051000|0.0364|0|2024-04-24 00:17:53
96048000|0.0273|0|2024-04-24 00:17:53
96047000|0.0303|0|2024-04-24 00:17:53
96046000|0.0375|0|2024-04-24 00:17:53
96072000|0.0002|1|2024-04-24 00:17:53
96080000|0.0002|1|2024-04-24 00:17:53
96083000|0.0002|1|2024-04-24 00:17:53
96091000|0.008|1|2024-04-24 00:17:53
96105000|0.0405|1|2024-04-24 00:17:53
96051000|0.0005|0|2024-04-24 00:17:58
96050000|0.0002|0|2024-04-24 00:17:58
96047000|0.0008|0|2024-04-24 00:17:58
96041000|0.0273|0|2024-04-24 00:17:58
96038000|0.0001|0|2024-04-24 00:17:58
96072000|0.0002|1|2024-04-24 00:17:58
96080000|0.0002|1|2024-04-24 00:17:58
96083000|0.0002|1|2024-04-24 00:17:58
96105000|0.0405|1|2024-04-24 00:17:58
96114000|0.0019|1|2024-04-24 00:17:58
96075000|0.0004|0|2024-04-24 00:18:03
96073000|0.1737|0|2024-04-24 00:18:03
96071000|0.0362|0|2024-04-24 00:18:03
96068000|0.0247|0|2024-04-24 00:18:03
96067000|0.0295|0|2024-04-24 00:18:03
96080000|0.0002|1|2024-04-24 00:18:03
96083000|0.0002|1|2024-04-24 00:18:03
96089000|0.008|1|2024-04-24 00:18:03
96105000|0.0405|1|2024-04-24 00:18:03
96114000|0.0019|1|2024-04-24 00:18:03
96063000|0.0002|0|2024-04-24 00:18:08
96051000|0.0005|0|2024-04-24 00:18:08
96049000|0.3236|0|2024-04-24 00:18:08
96039000|0.0362|0|2024-04-24 00:18:08
96036000|0.0247|0|2024-04-24 00:18:08
96080000|0.0|1|2024-04-24 00:18:08
96083000|0.0002|1|2024-04-24 00:18:08
96089000|0.008|1|2024-04-24 00:18:08
96102000|0.0002|1|2024-04-24 00:18:08
96105000|0.0405|1|2024-04-24 00:18:08
96063000|0.0002|0|2024-04-24 00:18:13
96049000|0.0006|0|2024-04-24 00:18:13
96040000|0.1115|0|2024-04-24 00:18:13
96039000|0.0362|0|2024-04-24 00:18:13
96036000|0.3479|0|2024-04-24 00:18:13
96080000|0.0|1|2024-04-24 00:18:13
96083000|0.0002|1|2024-04-24 00:18:13
96089000|0.008|1|2024-04-24 00:18:13
96102000|0.0002|1|2024-04-24 00:18:13
96111000|0.0366|1|2024-04-24 00:18:13
96063000|0.0002|0|2024-04-24 00:18:18
96031000|0.02|0|2024-04-24 00:18:18
96030000|0.02|0|2024-04-24 00:18:18
96021000|0.1038|0|2024-04-24 00:18:18
96015000|0.02|0|2024-04-24 00:18:18
96070000|0.0082|1|2024-04-24 00:18:18
96079000|0.0405|1|2024-04-24 00:18:18
96080000|0.0|1|2024-04-24 00:18:18
96083000|0.0002|1|2024-04-24 00:18:18
96089000|0.331|1|2024-04-24 00:18:18
96031000|0.014|0|2024-04-24 00:18:23
96030000|0.02|0|2024-04-24 00:18:23
96021000|0.1038|0|2024-04-24 00:18:23
96015000|0.02|0|2024-04-24 00:18:23
96014000|0.02|0|2024-04-24 00:18:23
96070000|0.0336|1|2024-04-24 00:18:23
96072000|0.0387|1|2024-04-24 00:18:23
96079000|0.0405|1|2024-04-24 00:18:23
96080000|0.0026|1|2024-04-24 00:18:23
96083000|0.0002|1|2024-04-24 00:18:23
96040000|0.005|0|2024-04-24 00:18:28
96032000|0.0506|0|2024-04-24 00:18:28
96031000|0.014|0|2024-04-24 00:18:28
96030000|0.02|0|2024-04-24 00:18:28
96021000|0.1038|0|2024-04-24 00:18:28
96044000|0.0022|1|2024-04-24 00:18:28
96045000|0.0138|1|2024-04-24 00:18:28
96046000|0.0387|1|2024-04-24 00:18:28
96055000|0.0026|1|2024-04-24 00:18:28
96079000|2.7246|1|2024-04-24 00:18:28
96035000|0.005|0|2024-04-24 00:18:33
96033000|0.0049|0|2024-04-24 00:18:33
96032000|0.0506|0|2024-04-24 00:18:33
96031000|0.014|0|2024-04-24 00:18:33
96030000|0.02|0|2024-04-24 00:18:33
96045000|0.2726|1|2024-04-24 00:18:33
96062000|0.0623|1|2024-04-24 00:18:33
96066000|0.323|1|2024-04-24 00:18:33
96079000|2.7246|1|2024-04-24 00:18:33
96080000|0.0002|1|2024-04-24 00:18:33
96035000|0.0047|0|2024-04-24 00:18:38
96033000|0.0249|0|2024-04-24 00:18:38
96032000|0.0506|0|2024-04-24 00:18:38
96031000|0.014|0|2024-04-24 00:18:38
96030000|0.02|0|2024-04-24 00:18:38
96045000|0.2738|1|2024-04-24 00:18:38
96062000|0.0623|1|2024-04-24 00:18:38
96066000|0.323|1|2024-04-24 00:18:38
96079000|2.7246|1|2024-04-24 00:18:38
96080000|0.0002|1|2024-04-24 00:18:38
96045000|0.0071|0|2024-04-24 00:18:43
96036000|0.0306|0|2024-04-24 00:18:43
96035000|0.0047|0|2024-04-24 00:18:43
96033000|0.0249|0|2024-04-24 00:18:43
96032000|0.0506|0|2024-04-24 00:18:43
96078000|0.0276|1|2024-04-24 00:18:43
96079000|1.2476|1|2024-04-24 00:18:43
96080000|0.0082|1|2024-04-24 00:18:43
96082000|0.0587|1|2024-04-24 00:18:43
96083000|0.0002|1|2024-04-24 00:18:43
96045000|0.0071|0|2024-04-24 00:18:48
96036000|0.0306|0|2024-04-24 00:18:48
96035000|0.0047|0|2024-04-24 00:18:48
96033000|0.0049|0|2024-04-24 00:18:48
96032000|0.02|0|2024-04-24 00:18:48
96077000|0.0551|1|2024-04-24 00:18:48
96078000|0.3476|1|2024-04-24 00:18:48
96079000|1.2476|1|2024-04-24 00:18:48
96080000|0.0082|1|2024-04-24 00:18:48
96082000|0.0587|1|2024-04-24 00:18:48
96045000|0.0254|0|2024-04-24 00:18:53
96036000|0.0306|0|2024-04-24 00:18:53
96035000|0.0047|0|2024-04-24 00:18:53
96033000|0.0049|0|2024-04-24 00:18:53
96031000|0.0045|0|2024-04-24 00:18:53
96051000|0.32|1|2024-04-24 00:18:53
96077000|0.0491|1|2024-04-24 00:18:53
96078000|1.8|1|2024-04-24 00:18:53
96079000|1.2476|1|2024-04-24 00:18:53
96080000|0.0002|1|2024-04-24 00:18:53
96048000|0.01|0|2024-04-24 00:18:58
96046000|0.0306|0|2024-04-24 00:18:58
96045000|0.0254|0|2024-04-24 00:18:58
96036000|0.0306|0|2024-04-24 00:18:58
96035000|0.0047|0|2024-04-24 00:18:58
96051000|0.3175|1|2024-04-24 00:18:58
96054000|0.0306|1|2024-04-24 00:18:58
96077000|0.0491|1|2024-04-24 00:18:58
96078000|1.8|1|2024-04-24 00:18:58
96079000|1.2476|1|2024-04-24 00:18:58
96049000|0.0196|0|2024-04-24 00:19:03
96048000|0.01|0|2024-04-24 00:19:03
96046000|0.0306|0|2024-04-24 00:19:03
96045000|0.0254|0|2024-04-24 00:19:03
96035000|0.0047|0|2024-04-24 00:19:03
96051000|0.3173|1|2024-04-24 00:19:03
96077000|0.0491|1|2024-04-24 00:19:03
96079000|0.3476|1|2024-04-24 00:19:03
96080000|0.0002|1|2024-04-24 00:19:03
96081000|0.008|1|2024-04-24 00:19:03
96046000|0.016|0|2024-04-24 00:19:08
96045000|0.0254|0|2024-04-24 00:19:08
96035000|0.0047|0|2024-04-24 00:19:08
96033000|0.0049|0|2024-04-24 00:19:08
96031000|0.0045|0|2024-04-24 00:19:08
96051000|0.316|1|2024-04-24 00:19:08
96066000|0.0306|1|2024-04-24 00:19:08
96077000|0.0571|1|2024-04-24 00:19:08
96079000|0.323|1|2024-04-24 00:19:08
96080000|0.0002|1|2024-04-24 00:19:08
96046000|0.016|0|2024-04-24 00:19:13
96045000|0.0254|0|2024-04-24 00:19:13
96035000|0.0047|0|2024-04-24 00:19:13
96033000|0.0049|0|2024-04-24 00:19:13
96031000|0.0045|0|2024-04-24 00:19:13
96051000|0.0011|1|2024-04-24 00:19:13
96067000|0.323|1|2024-04-24 00:19:13
96077000|0.008|1|2024-04-24 00:19:13
96080000|0.0002|1|2024-04-24 00:19:13
96083000|0.0002|1|2024-04-24 00:19:13
96047000|0.0196|0|2024-04-24 00:19:18
96046000|0.0215|0|2024-04-24 00:19:18
96045000|0.0254|0|2024-04-24 00:19:18
96035000|0.0047|0|2024-04-24 00:19:18
96034000|0.0914|0|2024-04-24 00:19:18
96051000|0.0011|1|2024-04-24 00:19:18
96074000|0.008|1|2024-04-24 00:19:18
96080000|0.0002|1|2024-04-24 00:19:18
96083000|0.0002|1|2024-04-24 00:19:18
96091000|0.323|1|2024-04-24 00:19:18
96046000|0.0136|0|2024-04-24 00:19:23
96045000|0.0254|0|2024-04-24 00:19:23
96035000|0.0047|0|2024-04-24 00:19:23
96033000|0.0049|0|2024-04-24 00:19:23
96031000|0.0045|0|2024-04-24 00:19:23
96051000|0.0011|1|2024-04-24 00:19:23
96074000|0.008|1|2024-04-24 00:19:23
96080000|0.0002|1|2024-04-24 00:19:23
96083000|0.0002|1|2024-04-24 00:19:23
96114000|0.0562|1|2024-04-24 00:19:23
96046000|0.0136|0|2024-04-24 00:19:28
96045000|0.0254|0|2024-04-24 00:19:28
96035000|0.0047|0|2024-04-24 00:19:28
96033000|0.0049|0|2024-04-24 00:19:28
96032000|0.0914|0|2024-04-24 00:19:28
96051000|0.0011|1|2024-04-24 00:19:28
96071000|0.008|1|2024-04-24 00:19:28
96074000|0.012|1|2024-04-24 00:19:28
96080000|0.0002|1|2024-04-24 00:19:28
96083000|0.0002|1|2024-04-24 00:19:28
96051000|0.0007|0|2024-04-24 00:19:33
96046000|0.0136|0|2024-04-24 00:19:33
96045000|0.0254|0|2024-04-24 00:19:33
96035000|0.0047|0|2024-04-24 00:19:33
96033000|0.0049|0|2024-04-24 00:19:33
96071000|0.008|1|2024-04-24 00:19:33
96074000|0.012|1|2024-04-24 00:19:33
96080000|0.0002|1|2024-04-24 00:19:33
96083000|0.0002|1|2024-04-24 00:19:33
96114000|0.0019|1|2024-04-24 00:19:33
96071000|0.0082|0|2024-04-24 00:19:38
96055000|0.0908|0|2024-04-24 00:19:38
96051000|0.0087|0|2024-04-24 00:19:38
96047000|0.0908|0|2024-04-24 00:19:38
96046000|0.0199|0|2024-04-24 00:19:38
96080000|0.0|1|2024-04-24 00:19:38
96083000|0.0002|1|2024-04-24 00:19:38
96114000|0.0019|1|2024-04-24 00:19:38
96125000|0.0002|1|2024-04-24 00:19:38
96127000|0.323|1|2024-04-24 00:19:38
96071000|0.0002|0|2024-04-24 00:19:43
96051000|0.0087|0|2024-04-24 00:19:43
96046000|0.0199|0|2024-04-24 00:19:43
96045000|0.0254|0|2024-04-24 00:19:43
96035000|0.0047|0|2024-04-24 00:19:43
96080000|0.0|1|2024-04-24 00:19:43
96083000|0.0002|1|2024-04-24 00:19:43
96114000|0.0019|1|2024-04-24 00:19:43
96125000|0.0002|1|2024-04-24 00:19:43
96126000|0.0501|1|2024-04-24 00:19:43
96071000|0.0002|0|2024-04-24 00:19:48
96055000|0.008|0|2024-04-24 00:19:48
96051000|0.0007|0|2024-04-24 00:19:48
96046000|0.0199|0|2024-04-24 00:19:48
96045000|0.0254|0|2024-04-24 00:19:48
96080000|0.0|1|2024-04-24 00:19:48
96083000|0.0002|1|2024-04-24 00:19:48
96088000|0.323|1|2024-04-24 00:19:48
96114000|0.0019|1|2024-04-24 00:19:48
96125000|0.0002|1|2024-04-24 00:19:48
96071000|0.0002|0|2024-04-24 00:19:53
96046000|0.0181|0|2024-04-24 00:19:53
96045000|0.0254|0|2024-04-24 00:19:53
96035000|0.0047|0|2024-04-24 00:19:53
96033000|0.0049|0|2024-04-24 00:19:53
96076000|0.3312|1|2024-04-24 00:19:53
96114000|0.0588|1|2024-04-24 00:19:53
96125000|0.0002|1|2024-04-24 00:19:53
96127000|0.323|1|2024-04-24 00:19:53
96129000|2.7013|1|2024-04-24 00:19:53
96071000|0.0002|0|2024-04-24 00:19:58
96046000|0.0181|0|2024-04-24 00:19:58
96045000|0.0254|0|2024-04-24 00:19:58
96035000|0.0047|0|2024-04-24 00:19:58
96033000|0.0049|0|2024-04-24 00:19:58
96076000|0.2812|1|2024-04-24 00:19:58
96114000|0.0588|1|2024-04-24 00:19:58
96125000|0.0002|1|2024-04-24 00:19:58
96127000|0.323|1|2024-04-24 00:19:58
96129000|2.7013|1|2024-04-24 00:19:58
96071000|0.0002|0|2024-04-24 00:20:03
96057000|0.008|0|2024-04-24 00:20:03
96046000|0.0181|0|2024-04-24 00:20:03
96045000|0.0254|0|2024-04-24 00:20:03
96035000|0.0047|0|2024-04-24 00:20:03
96076000|0.0002|1|2024-04-24 00:20:03
96092000|0.323|1|2024-04-24 00:20:03
96114000|0.0019|1|2024-04-24 00:20:03
96125000|0.0002|1|2024-04-24 00:20:03
96127000|0.323|1|2024-04-24 00:20:03
96076000|0.0079|0|2024-04-24 00:20:08
96071000|0.0002|0|2024-04-24 00:20:08
96057000|0.008|0|2024-04-24 00:20:08
96047000|0.0911|0|2024-04-24 00:20:08
96046000|0.0181|0|2024-04-24 00:20:08
96114000|0.3249|1|2024-04-24 00:20:08
96125000|0.0002|1|2024-04-24 00:20:08
96129000|0.0013|1|2024-04-24 00:20:08
96140000|0.0001|1|2024-04-24 00:20:08
96144000|0.0022|1|2024-04-24 00:20:08
96092000|0.034|0|2024-04-24 00:20:13
96076000|0.0079|0|2024-04-24 00:20:13
96071000|0.0002|0|2024-04-24 00:20:13
96063000|0.0911|0|2024-04-24 00:20:13
96062000|0.323|0|2024-04-24 00:20:13
96114000|0.0019|1|2024-04-24 00:20:13
96125000|0.0002|1|2024-04-24 00:20:13
96129000|0.0013|1|2024-04-24 00:20:13
96136000|0.323|1|2024-04-24 00:20:13
96140000|0.0001|1|2024-04-24 00:20:13
96115000|0.0155|0|2024-04-24 00:20:18
96092000|0.0285|0|2024-04-24 00:20:18
96082000|0.323|0|2024-04-24 00:20:18
96078000|0.0911|0|2024-04-24 00:20:18
96077000|0.01|0|2024-04-24 00:20:18
96125000|0.0002|1|2024-04-24 00:20:18
96129000|0.0013|1|2024-04-24 00:20:18
96140000|0.0001|1|2024-04-24 00:20:18
96144000|0.0022|1|2024-04-24 00:20:18
96146000|0.0954|1|2024-04-24 00:20:18
96092000|0.0195|0|2024-04-24 00:20:23
96082000|0.3232|0|2024-04-24 00:20:23
96077000|0.01|0|2024-04-24 00:20:23
96076000|0.0079|0|2024-04-24 00:20:23
96071000|0.0002|0|2024-04-24 00:20:23
96125000|0.0001|1|2024-04-24 00:20:23
96129000|0.0013|1|2024-04-24 00:20:23
96140000|0.0001|1|2024-04-24 00:20:23
96144000|0.0022|1|2024-04-24 00:20:23
96146000|0.0954|1|2024-04-24 00:20:23
96092000|0.0274|0|2024-04-24 00:20:28
96082000|0.0002|0|2024-04-24 00:20:28
96077000|0.01|0|2024-04-24 00:20:28
96076000|0.0079|0|2024-04-24 00:20:28
96071000|0.0002|0|2024-04-24 00:20:28
96106000|0.323|1|2024-04-24 00:20:28
96125000|0.0001|1|2024-04-24 00:20:28
96129000|0.0013|1|2024-04-24 00:20:28
96138000|0.0606|1|2024-04-24 00:20:28
96140000|0.0001|1|2024-04-24 00:20:28
96100000|0.0001|0|2024-04-24 00:20:33
96092000|0.0274|0|2024-04-24 00:20:33
96082000|0.0002|0|2024-04-24 00:20:33
96078000|0.008|0|2024-04-24 00:20:33
96077000|0.01|0|2024-04-24 00:20:33
96128000|0.0558|1|2024-04-24 00:20:33
96129000|0.0013|1|2024-04-24 00:20:33
96130000|0.0619|1|2024-04-24 00:20:33
96131000|0.9274|1|2024-04-24 00:20:33
96138000|0.0606|1|2024-04-24 00:20:33
96125000|0.0001|0|2024-04-24 00:20:38
96124000|0.0504|0|2024-04-24 00:20:38
96100000|0.0001|0|2024-04-24 00:20:38
96092000|0.0274|0|2024-04-24 00:20:38
96082000|0.0002|0|2024-04-24 00:20:38
96128000|0.0558|1|2024-04-24 00:20:38
96129000|0.0013|1|2024-04-24 00:20:38
96131000|4.4334|1|2024-04-24 00:20:38
96138000|0.0606|1|2024-04-24 00:20:38
96140000|0.0001|1|2024-04-24 00:20:38
96124000|0.0191|0|2024-04-24 00:20:43
96100000|0.0001|0|2024-04-24 00:20:43
96092000|0.0263|0|2024-04-24 00:20:43
96086000|0.008|0|2024-04-24 00:20:43
96082000|0.0002|0|2024-04-24 00:20:43
96125000|0.0011|1|2024-04-24 00:20:43
96128000|0.0505|1|2024-04-24 00:20:43
96129000|0.0013|1|2024-04-24 00:20:43
96131000|3.5334|1|2024-04-24 00:20:43
96138000|0.0606|1|2024-04-24 00:20:43
96131000|0.0086|0|2024-04-24 00:20:48
96092000|0.026|0|2024-04-24 00:20:48
96086000|0.008|0|2024-04-24 00:20:48
96082000|0.0002|0|2024-04-24 00:20:48
96076000|0.0029|0|2024-04-24 00:20:48
96140000|0.0001|1|2024-04-24 00:20:48
96144000|0.0022|1|2024-04-24 00:20:48
96146000|0.0954|1|2024-04-24 00:20:48
96154000|0.0002|1|2024-04-24 00:20:48
96156000|0.0582|1|2024-04-24 00:20:48
96132000|0.0196|0|2024-04-24 00:20:53
96131000|0.0043|0|2024-04-24 00:20:53
96129000|0.001|0|2024-04-24 00:20:53
96093000|0.0899|0|2024-04-24 00:20:53
96092000|0.026|0|2024-04-24 00:20:53
96140000|0.0001|1|2024-04-24 00:20:53
96144000|0.0022|1|2024-04-24 00:20:53
96146000|0.0954|1|2024-04-24 00:20:53
96154000|0.0002|1|2024-04-24 00:20:53
96160000|0.0001|1|2024-04-24 00:20:53
96140000|0.2461|0|2024-04-24 00:20:58
96131000|0.0043|0|2024-04-24 00:20:58
96129000|0.001|0|2024-04-24 00:20:58
96092000|0.0261|0|2024-04-24 00:20:58
96082000|0.0002|0|2024-04-24 00:20:58
96144000|0.0022|1|2024-04-24 00:20:58
96146000|0.0954|1|2024-04-24 00:20:58
96154000|0.0002|1|2024-04-24 00:20:58
96160000|0.0001|1|2024-04-24 00:20:58
96166000|0.0057|1|2024-04-24 00:20:58
96144000|0.2431|0|2024-04-24 00:21:03
96140000|0.2461|0|2024-04-24 00:21:03
96131000|0.0043|0|2024-04-24 00:21:03
96129000|0.001|0|2024-04-24 00:21:03
96124000|0.0002|0|2024-04-24 00:21:03
96146000|0.0954|1|2024-04-24 00:21:03
96154000|0.0002|1|2024-04-24 00:21:03
96160000|0.0001|1|2024-04-24 00:21:03
96166000|0.0057|1|2024-04-24 00:21:03
96167000|0.0002|1|2024-04-24 00:21:03
96144000|0.2427|0|2024-04-24 00:21:08
96140000|0.2461|0|2024-04-24 00:21:08
96131000|0.0043|0|2024-04-24 00:21:08
96129000|0.001|0|2024-04-24 00:21:08
96124000|0.0002|0|2024-04-24 00:21:08
96146000|0.0954|1|2024-04-24 00:21:08
96154000|0.0002|1|2024-04-24 00:21:08
96160000|0.0001|1|2024-04-24 00:21:08
96166000|0.0057|1|2024-04-24 00:21:08
96167000|0.0002|1|2024-04-24 00:21:08
96144000|0.249|0|2024-04-24 00:21:13
96140000|0.2461|0|2024-04-24 00:21:13
96131000|0.0043|0|2024-04-24 00:21:13
96129000|0.001|0|2024-04-24 00:21:13
96124000|0.0002|0|2024-04-24 00:21:13
96146000|0.1036|1|2024-04-24 00:21:13
96154000|0.0002|1|2024-04-24 00:21:13
96160000|0.0001|1|2024-04-24 00:21:13
96166000|0.0057|1|2024-04-24 00:21:13
96167000|0.0002|1|2024-04-24 00:21:13
96144000|0.249|0|2024-04-24 00:21:18
96140000|0.2461|0|2024-04-24 00:21:18
96131000|0.0043|0|2024-04-24 00:21:18
96129000|0.001|0|2024-04-24 00:21:18
96124000|0.0002|0|2024-04-24 00:21:18
96146000|0.1158|1|2024-04-24 00:21:18
96154000|0.0002|1|2024-04-24 00:21:18
96160000|0.0001|1|2024-04-24 00:21:18
96166000|0.0057|1|2024-04-24 00:21:18
96167000|0.0002|1|2024-04-24 00:21:18
96145000|0.0605|0|2024-04-24 00:21:23
96144000|0.2347|0|2024-04-24 00:21:23
96140000|0.2461|0|2024-04-24 00:21:23
96131000|0.0043|0|2024-04-24 00:21:23
96129000|0.001|0|2024-04-24 00:21:23
96146000|0.1054|1|2024-04-24 00:21:23
96154000|0.0002|1|2024-04-24 00:21:23
96160000|0.0001|1|2024-04-24 00:21:23
96166000|0.0057|1|2024-04-24 00:21:23
96167000|0.0002|1|2024-04-24 00:21:23
96145000|0.0387|0|2024-04-24 00:21:28
96144000|0.2347|0|2024-04-24 00:21:28
96140000|0.2462|0|2024-04-24 00:21:28
96131000|0.0043|0|2024-04-24 00:21:28
96129000|0.001|0|2024-04-24 00:21:28
96146000|0.0915|1|2024-04-24 00:21:28
96154000|0.0002|1|2024-04-24 00:21:28
96160000|0.0001|1|2024-04-24 00:21:28
96166000|0.0057|1|2024-04-24 00:21:28
96167000|0.0002|1|2024-04-24 00:21:28
96145000|0.0319|0|2024-04-24 00:21:33
96144000|0.2347|0|2024-04-24 00:21:33
96140000|0.2462|0|2024-04-24 00:21:33
96131000|0.0043|0|2024-04-24 00:21:33
96129000|0.001|0|2024-04-24 00:21:33
96146000|0.4145|1|2024-04-24 00:21:33
96154000|0.0002|1|2024-04-24 00:21:33
96160000|0.0001|1|2024-04-24 00:21:33
96166000|0.0057|1|2024-04-24 00:21:33
96167000|0.0002|1|2024-04-24 00:21:33
96145000|0.0228|0|2024-04-24 00:21:38
96144000|0.2347|0|2024-04-24 00:21:38
96140000|0.2462|0|2024-04-24 00:21:38
96131000|0.0043|0|2024-04-24 00:21:38
96129000|0.001|0|2024-04-24 00:21:38
96146000|0.4145|1|2024-04-24 00:21:38
96154000|0.0002|1|2024-04-24 00:21:38
96160000|0.0001|1|2024-04-24 00:21:38
96166000|0.0057|1|2024-04-24 00:21:38
96167000|0.0002|1|2024-04-24 00:21:38
96145000|0.0216|0|2024-04-24 00:21:43
96144000|0.2347|0|2024-04-24 00:21:43
96140000|0.2462|0|2024-04-24 00:21:43
96131000|0.0043|0|2024-04-24 00:21:43
96129000|0.001|0|2024-04-24 00:21:43
96146000|0.4145|1|2024-04-24 00:21:43
96154000|0.0002|1|2024-04-24 00:21:43
96160000|0.0001|1|2024-04-24 00:21:43
96166000|0.0057|1|2024-04-24 00:21:43
96167000|0.0002|1|2024-04-24 00:21:43
96145000|0.005|0|2024-04-24 00:21:48
96144000|0.2347|0|2024-04-24 00:21:48
96140000|0.2462|0|2024-04-24 00:21:48
96131000|0.0043|0|2024-04-24 00:21:48
96129000|0.001|0|2024-04-24 00:21:48
96146000|0.4123|1|2024-04-24 00:21:48
96154000|0.0002|1|2024-04-24 00:21:48
96160000|0.0001|1|2024-04-24 00:21:48
96166000|0.0057|1|2024-04-24 00:21:48
96167000|0.0002|1|2024-04-24 00:21:48
96144000|0.2347|0|2024-04-24 00:21:53
96140000|0.2462|0|2024-04-24 00:21:53
96131000|0.0043|0|2024-04-24 00:21:53
96124000|0.0002|0|2024-04-24 00:21:53
96092000|0.0268|0|2024-04-24 00:21:53
96145000|0.0077|1|2024-04-24 00:21:53
96146000|0.4118|1|2024-04-24 00:21:53
96154000|0.0002|1|2024-04-24 00:21:53
96160000|0.0001|1|2024-04-24 00:21:53
96166000|0.0057|1|2024-04-24 00:21:53
96144000|0.2209|0|2024-04-24 00:21:58
96140000|0.2462|0|2024-04-24 00:21:58
