price|quantity|type|timestamp
4539000|9.4301|0|2024-04-28 00:00:01
4538000|4.2077|0|2024-04-28 00:00:01
4534000|18.7852|0|2024-04-28 00:00:01
4532000|4.7135|0|2024-04-28 00:00:01
4531000|7.0818|0|2024-04-28 00:00:01
4540000|3.0881|1|2024-04-28 00:00:01
4541000|20.7993|1|2024-04-28 00:00:01
4542000|4.6594|1|2024-04-28 00:00:01
4543000|2.2701|1|2024-04-28 00:00:01
4544000|6.5329|1|2024-04-28 00:00:01
4539000|9.4301|0|2024-04-28 00:00:01
4538000|4.2077|0|2024-04-28 00:00:01
4534000|18.7852|0|2024-04-28 00:00:01
4532000|4.7135|0|2024-04-28 00:00:01
4531000|7.0818|0|2024-04-28 00:00:01
4540000|3.0881|1|2024-04-28 00:00:01
4541000|20.7993|1|2024-04-28 00:00:01
4542000|4.6594|1|2024-04-28 00:00:01
4543000|2.2701|1|2024-04-28 00:00:01
4544000|6.5329|1|2024-04-28 00:00:01
4538000|0.0012|0|2024-04-28 00:00:06
4535000|0.5634|0|2024-04-28 00:00:06
4534000|18.7852|0|2024-04-28 00:00:06
4532000|4.7135|0|2024-04-28 00:00:06
4531000|7.0818|0|2024-04-28 00:00:06
4541000|0.0459|1|2024-04-28 00:00:06
4542000|1.6594|1|2024-04-28 00:00:06
4543000|1.0|1|2024-04-28 00:00:06
4544000|9.7034|1|2024-04-28 00:00:06
4545000|96.7551|1|2024-04-28 00:00:06
4538000|0.0012|0|2024-04-28 00:00:11
4536000|0.101|0|2024-04-28 00:00:11
4535000|0.5634|0|2024-04-28 00:00:11
4534000|19.3486|0|2024-04-28 00:00:11
4532000|3.4434|0|2024-04-28 00:00:11
4539000|0.0952|1|2024-04-28 00:00:11
4542000|1.0|1|2024-04-28 00:00:11
4543000|15.0|1|2024-04-28 00:00:11
4544000|6.0934|1|2024-04-28 00:00:11
4545000|96.7551|1|2024-04-28 00:00:11
4538000|0.0012|0|2024-04-28 00:00:16
4535000|1.9467|0|2024-04-28 00:00:16
4534000|18.7852|0|2024-04-28 00:00:16
4532000|3.4434|0|2024-04-28 00:00:16
4531000|4.4718|0|2024-04-28 00:00:16
4539000|0.0952|1|2024-04-28 00:00:16
4542000|2.7758|1|2024-04-28 00:00:16
4543000|15.0022|1|2024-04-28 00:00:16
4544000|9.7034|1|2024-04-28 00:00:16
4545000|96.7551|1|2024-04-28 00:00:16
4538000|0.0012|0|2024-04-28 00:00:21
4535000|1.9873|0|2024-04-28 00:00:21
4534000|15.0012|0|2024-04-28 00:00:21
4533000|7.5989|0|2024-04-28 00:00:21
4532000|7.0534|0|2024-04-28 00:00:21
4539000|4.0952|1|2024-04-28 00:00:21
4541000|0.5652|1|2024-04-28 00:00:21
4542000|1.6454|1|2024-04-28 00:00:21
4543000|16.2786|1|2024-04-28 00:00:21
4544000|9.7034|1|2024-04-28 00:00:21
4538000|0.0012|0|2024-04-28 00:00:26
4536000|0.0155|0|2024-04-28 00:00:26
4535000|1.9873|0|2024-04-28 00:00:26
4534000|15.0012|0|2024-04-28 00:00:26
4533000|3.9889|0|2024-04-28 00:00:26
4539000|4.0916|1|2024-04-28 00:00:26
4541000|0.5652|1|2024-04-28 00:00:26
4542000|1.6493|1|2024-04-28 00:00:26
4543000|15.0094|1|2024-04-28 00:00:26
4544000|9.7034|1|2024-04-28 00:00:26
4538000|0.0012|0|2024-04-28 00:00:31
4536000|0.0155|0|2024-04-28 00:00:31
4535000|0.0406|0|2024-04-28 00:00:31
4534000|1.8469|0|2024-04-28 00:00:31
4533000|15.0|0|2024-04-28 00:00:31
4539000|4.652|1|2024-04-28 00:00:31
4540000|3.7371|1|2024-04-28 00:00:31
4541000|16.0|1|2024-04-28 00:00:31
4542000|4.61|1|2024-04-28 00:00:31
4543000|9.7915|1|2024-04-28 00:00:31
4538000|0.0012|0|2024-04-28 00:00:36
4536000|0.0155|0|2024-04-28 00:00:36
4535000|0.0406|0|2024-04-28 00:00:36
4534000|0.0012|0|2024-04-28 00:00:36
4533000|1.8457|0|2024-04-28 00:00:36
4539000|8.3867|1|2024-04-28 00:00:36
4540000|1.0|1|2024-04-28 00:00:36
4541000|16.0|1|2024-04-28 00:00:36
4542000|4.61|1|2024-04-28 00:00:36
4543000|9.7915|1|2024-04-28 00:00:36
4538000|0.0012|0|2024-04-28 00:00:41
4536000|0.0155|0|2024-04-28 00:00:41
4535000|0.0406|0|2024-04-28 00:00:41
4534000|1.8469|0|2024-04-28 00:00:41
4533000|3.61|0|2024-04-28 00:00:41
4539000|11.9967|1|2024-04-28 00:00:41
4540000|1.0|1|2024-04-28 00:00:41
4541000|21.54|1|2024-04-28 00:00:41
4542000|6.54|1|2024-04-28 00:00:41
4543000|9.7915|1|2024-04-28 00:00:41
4538000|0.0012|0|2024-04-28 00:00:46
4536000|0.0155|0|2024-04-28 00:00:46
4535000|0.0406|0|2024-04-28 00:00:46
4534000|1.8469|0|2024-04-28 00:00:46
4533000|3.61|0|2024-04-28 00:00:46
4539000|11.9967|1|2024-04-28 00:00:46
4540000|1.0|1|2024-04-28 00:00:46
4541000|21.54|1|2024-04-28 00:00:46
4542000|6.54|1|2024-04-28 00:00:46
4543000|100.0112|1|2024-04-28 00:00:46
4538000|0.0012|0|2024-04-28 00:00:51
4536000|0.0155|0|2024-04-28 00:00:51
4535000|0.0406|0|2024-04-28 00:00:51
4534000|0.0012|0|2024-04-28 00:00:51
4533000|1.8457|0|2024-04-28 00:00:51
4539000|11.9967|1|2024-04-28 00:00:51
4540000|1.0|1|2024-04-28 00:00:51
4541000|21.54|1|2024-04-28 00:00:51
4542000|6.54|1|2024-04-28 00:00:51
4543000|100.0112|1|2024-04-28 00:00:51
4538000|0.0012|0|2024-04-28 00:00:56
4536000|0.0155|0|2024-04-28 00:00:56
4535000|0.0406|0|2024-04-28 00:00:56
4534000|15.0012|0|2024-04-28 00:00:56
4533000|1.8457|0|2024-04-28 00:00:56
4539000|11.8696|1|2024-04-28 00:00:56
4540000|1.0|1|2024-04-28 00:00:56
4541000|6.54|1|2024-04-28 00:00:56
4542000|21.54|1|2024-04-28 00:00:56
4543000|100.0112|1|2024-04-28 00:00:56
4538000|0.0012|0|2024-04-28 00:01:01
4536000|0.0155|0|2024-04-28 00:01:01
4535000|1.8863|0|2024-04-28 00:01:01
4534000|15.0012|0|2024-04-28 00:01:01
4531000|8.0794|0|2024-04-28 00:01:01
4539000|11.8651|1|2024-04-28 00:01:01
4540000|1.1271|1|2024-04-28 00:01:01
4541000|6.54|1|2024-04-28 00:01:01
4542000|21.54|1|2024-04-28 00:01:01
4543000|100.0112|1|2024-04-28 00:01:01
4538000|0.0012|0|2024-04-28 00:01:06
4536000|0.0155|0|2024-04-28 00:01:06
4535000|1.8863|0|2024-04-28 00:01:06
4534000|15.0012|0|2024-04-28 00:01:06
4532000|3.61|0|2024-04-28 00:01:06
4539000|11.8651|1|2024-04-28 00:01:06
4540000|1.0|1|2024-04-28 00:01:06
4541000|6.54|1|2024-04-28 00:01:06
4542000|21.54|1|2024-04-28 00:01:06
4543000|100.0112|1|2024-04-28 00:01:06
4538000|0.0012|0|2024-04-28 00:01:11
4536000|0.0315|0|2024-04-28 00:01:11
4535000|1.8863|0|2024-04-28 00:01:11
4534000|15.0012|0|2024-04-28 00:01:11
4531000|8.0794|0|2024-04-28 00:01:11
4539000|11.8651|1|2024-04-28 00:01:11
4540000|1.0|1|2024-04-28 00:01:11
4541000|6.54|1|2024-04-28 00:01:11
4542000|111.7597|1|2024-04-28 00:01:11
4543000|9.7915|1|2024-04-28 00:01:11
4538000|0.0012|0|2024-04-28 00:01:16
4536000|0.0315|0|2024-04-28 00:01:16
4535000|1.8863|0|2024-04-28 00:01:16
4534000|15.0012|0|2024-04-28 00:01:16
4533000|3.61|0|2024-04-28 00:01:16
4539000|11.8651|1|2024-04-28 00:01:16
4540000|1.0|1|2024-04-28 00:01:16
4541000|7.8112|1|2024-04-28 00:01:16
4542000|111.7597|1|2024-04-28 00:01:16
4543000|9.7915|1|2024-04-28 00:01:16
4538000|0.0012|0|2024-04-28 00:01:21
4536000|0.0315|0|2024-04-28 00:01:21
4535000|1.8863|0|2024-04-28 00:01:21
4534000|15.0012|0|2024-04-28 00:01:21
4531000|8.0794|0|2024-04-28 00:01:21
4539000|11.8651|1|2024-04-28 00:01:21
4541000|7.8113|1|2024-04-28 00:01:21
4542000|111.7597|1|2024-04-28 00:01:21
4543000|12.2829|1|2024-04-28 00:01:21
4544000|6.5113|1|2024-04-28 00:01:21
4535000|0.0332|0|2024-04-28 00:01:26
4534000|15.0012|0|2024-04-28 00:01:26
4533000|0.101|0|2024-04-28 00:01:26
4531000|7.6273|0|2024-04-28 00:01:26
4530000|5.2869|0|2024-04-28 00:01:26
4536000|3.3062|1|2024-04-28 00:01:26
4537000|3.61|1|2024-04-28 00:01:26
4539000|4.2551|1|2024-04-28 00:01:26
4541000|6.54|1|2024-04-28 00:01:26
4542000|111.7597|1|2024-04-28 00:01:26
4533000|1.8431|0|2024-04-28 00:01:31
4532000|15.0|0|2024-04-28 00:01:31
4531000|10.7283|0|2024-04-28 00:01:31
4530000|5.2869|0|2024-04-28 00:01:31
4529000|10.3158|0|2024-04-28 00:01:31
4535000|3.273|1|2024-04-28 00:01:31
4539000|4.2551|1|2024-04-28 00:01:31
4541000|10.15|1|2024-04-28 00:01:31
4542000|112.2083|1|2024-04-28 00:01:31
4543000|12.8481|1|2024-04-28 00:01:31
4534000|1.8431|0|2024-04-28 00:01:36
4533000|21.61|0|2024-04-28 00:01:36
4532000|7.61|0|2024-04-28 00:01:36
4531000|9.3892|0|2024-04-28 00:01:36
4530000|4.0156|0|2024-04-28 00:01:36
4535000|3.2405|1|2024-04-28 00:01:36
4539000|0.6451|1|2024-04-28 00:01:36
4541000|3.61|1|2024-04-28 00:01:36
4542000|15.4486|1|2024-04-28 00:01:36
4543000|13.8481|1|2024-04-28 00:01:36
4536000|1.8529|0|2024-04-28 00:01:41
4535000|3.61|0|2024-04-28 00:01:41
4533000|21.4786|0|2024-04-28 00:01:41
4532000|7.61|0|2024-04-28 00:01:41
4531000|10.0062|0|2024-04-28 00:01:41
4539000|3.6899|1|2024-04-28 00:01:41
4541000|5.0055|1|2024-04-28 00:01:41
4543000|30.1188|1|2024-04-28 00:01:41
4544000|102.271|1|2024-04-28 00:01:41
4545000|17.6154|1|2024-04-28 00:01:41
4536000|3.6099|0|2024-04-28 00:01:46
4535000|3.61|0|2024-04-28 00:01:46
4534000|0.0022|0|2024-04-28 00:01:46
4533000|25.0886|0|2024-04-28 00:01:46
4532000|5.3233|0|2024-04-28 00:01:46
4539000|3.6899|1|2024-04-28 00:01:46
4541000|5.0055|1|2024-04-28 00:01:46
4543000|30.1188|1|2024-04-28 00:01:46
4544000|102.271|1|2024-04-28 00:01:46
4545000|17.6154|1|2024-04-28 00:01:46
4536000|3.6099|0|2024-04-28 00:01:51
4535000|3.61|0|2024-04-28 00:01:51
4534000|0.0022|0|2024-04-28 00:01:51
4533000|25.0886|0|2024-04-28 00:01:51
4532000|4.2225|0|2024-04-28 00:01:51
4539000|3.6899|1|2024-04-28 00:01:51
4541000|5.0055|1|2024-04-28 00:01:51
4542000|1.2708|1|2024-04-28 00:01:51
4543000|28.8481|1|2024-04-28 00:01:51
4544000|102.271|1|2024-04-28 00:01:51
4536000|3.4099|0|2024-04-28 00:01:56
4535000|3.61|0|2024-04-28 00:01:56
4534000|0.0022|0|2024-04-28 00:01:56
4533000|25.0886|0|2024-04-28 00:01:56
4532000|4.2225|0|2024-04-28 00:01:56
4539000|3.6899|1|2024-04-28 00:01:56
4541000|5.0055|1|2024-04-28 00:01:56
4542000|1.2708|1|2024-04-28 00:01:56
4543000|28.8481|1|2024-04-28 00:01:56
4544000|102.271|1|2024-04-28 00:01:56
4536000|1.757|0|2024-04-28 00:02:01
4535000|1.8456|0|2024-04-28 00:02:01
4534000|3.6122|0|2024-04-28 00:02:01
4533000|18.0|0|2024-04-28 00:02:01
4532000|11.2198|0|2024-04-28 00:02:01
4539000|0.6451|1|2024-04-28 00:02:01
4541000|20.055|1|2024-04-28 00:02:01
4543000|13.8481|1|2024-04-28 00:02:01
4544000|102.271|1|2024-04-28 00:02:01
4545000|17.6154|1|2024-04-28 00:02:01
4536000|1.757|0|2024-04-28 00:02:06
4534000|1.8478|0|2024-04-28 00:02:06
4533000|21.61|0|2024-04-28 00:02:06
4532000|11.2198|0|2024-04-28 00:02:06
4531000|4.4662|0|2024-04-28 00:02:06
4539000|4.2551|1|2024-04-28 00:02:06
4541000|21.985|1|2024-04-28 00:02:06
4543000|13.8481|1|2024-04-28 00:02:06
4544000|96.731|1|2024-04-28 00:02:06
4545000|17.6154|1|2024-04-28 00:02:06
4536000|1.1282|0|2024-04-28 00:02:11
4534000|1.8478|0|2024-04-28 00:02:11
4533000|18.61|0|2024-04-28 00:02:11
4532000|11.2198|0|2024-04-28 00:02:11
4531000|4.0197|0|2024-04-28 00:02:11
4537000|3.61|1|2024-04-28 00:02:11
4539000|4.2551|1|2024-04-28 00:02:11
4541000|20.714|1|2024-04-28 00:02:11
4542000|95.7597|1|2024-04-28 00:02:11
4543000|13.8481|1|2024-04-28 00:02:11
4536000|0.4752|0|2024-04-28 00:02:16
4534000|0.0022|0|2024-04-28 00:02:16
4533000|1.8456|0|2024-04-28 00:02:16
4532000|15.2225|0|2024-04-28 00:02:16
4531000|6.6297|0|2024-04-28 00:02:16
4538000|4.1752|1|2024-04-28 00:02:16
4539000|4.9616|1|2024-04-28 00:02:16
4541000|21.714|1|2024-04-28 00:02:16
4542000|96.7597|1|2024-04-28 00:02:16
4543000|14.2845|1|2024-04-28 00:02:16
4532000|1.8456|0|2024-04-28 00:02:21
4531000|15.0197|0|2024-04-28 00:02:21
4530000|7.6256|0|2024-04-28 00:02:21
4529000|7.6634|0|2024-04-28 00:02:21
4528000|7.4989|0|2024-04-28 00:02:21
4535000|3.61|1|2024-04-28 00:02:21
4536000|0.0882|1|2024-04-28 00:02:21
4537000|4.1752|1|2024-04-28 00:02:21
4538000|1.2719|1|2024-04-28 00:02:21
4539000|20.6199|1|2024-04-28 00:02:21
4532000|1.8456|0|2024-04-28 00:02:26
4531000|18.6297|0|2024-04-28 00:02:26
4530000|3.0156|0|2024-04-28 00:02:26
4529000|7.6614|0|2024-04-28 00:02:26
4528000|8.7687|0|2024-04-28 00:02:26
4535000|3.61|1|2024-04-28 00:02:26
4536000|0.0882|1|2024-04-28 00:02:26
4537000|4.2773|1|2024-04-28 00:02:26
4539000|112.1115|1|2024-04-28 00:02:26
4541000|1.435|1|2024-04-28 00:02:26
4532000|1.8456|0|2024-04-28 00:02:31
4531000|18.6297|0|2024-04-28 00:02:31
4530000|3.0156|0|2024-04-28 00:02:31
4529000|7.6614|0|2024-04-28 00:02:31
4528000|8.7707|0|2024-04-28 00:02:31
4535000|3.61|1|2024-04-28 00:02:31
4536000|0.0882|1|2024-04-28 00:02:31
4537000|4.2773|1|2024-04-28 00:02:31
4539000|112.1115|1|2024-04-28 00:02:31
4541000|1.435|1|2024-04-28 00:02:31
4532000|4.9793|0|2024-04-28 00:02:36
4531000|18.0197|0|2024-04-28 00:02:36
4530000|7.934|0|2024-04-28 00:02:36
4529000|8.9329|0|2024-04-28 00:02:36
4528000|4.017|0|2024-04-28 00:02:36
4536000|3.6982|1|2024-04-28 00:02:36
4537000|3.7121|1|2024-04-28 00:02:36
4538000|0.5652|1|2024-04-28 00:02:36
4539000|5.6199|1|2024-04-28 00:02:36
4540000|1.2715|1|2024-04-28 00:02:36
4533000|3.61|0|2024-04-28 00:02:41
4532000|2.998|0|2024-04-28 00:02:41
4531000|22.6297|0|2024-04-28 00:02:41
4530000|9.2053|0|2024-04-28 00:02:41
4529000|9.5914|0|2024-04-28 00:02:41
4536000|0.0882|1|2024-04-28 00:02:41
4538000|4.0199|1|2024-04-28 00:02:41
4539000|1.9255|1|2024-04-28 00:02:41
4540000|3.61|1|2024-04-28 00:02:41
4541000|106.9259|1|2024-04-28 00:02:41
4533000|23.1928|0|2024-04-28 00:02:46
4532000|3.998|0|2024-04-28 00:02:46
4531000|8.9006|0|2024-04-28 00:02:46
4530000|7.934|0|2024-04-28 00:02:46
4529000|10.0313|0|2024-04-28 00:02:46
4536000|0.0882|1|2024-04-28 00:02:46
4539000|0.0799|1|2024-04-28 00:02:46
4540000|1.8408|1|2024-04-28 00:02:46
4541000|18.61|1|2024-04-28 00:02:46
4542000|1.2708|1|2024-04-28 00:02:46
4533000|26.8028|0|2024-04-28 00:02:51
4532000|3.998|0|2024-04-28 00:02:51
4531000|5.2905|0|2024-04-28 00:02:51
4530000|7.934|0|2024-04-28 00:02:51
4529000|10.0313|0|2024-04-28 00:02:51
4536000|0.0882|1|2024-04-28 00:02:51
4539000|1.9207|1|2024-04-28 00:02:51
4540000|0.5652|1|2024-04-28 00:02:51
4541000|18.61|1|2024-04-28 00:02:51
4542000|1.2708|1|2024-04-28 00:02:51
4533000|30.7371|0|2024-04-28 00:02:56
4532000|5.2687|0|2024-04-28 00:02:56
4531000|4.0197|0|2024-04-28 00:02:56
4530000|4.0156|0|2024-04-28 00:02:56
4529000|10.0333|0|2024-04-28 00:02:56
4536000|0.0662|1|2024-04-28 00:02:56
4539000|3.6899|1|2024-04-28 00:02:56
4540000|1.8408|1|2024-04-28 00:02:56
4541000|18.61|1|2024-04-28 00:02:56
4543000|12.4985|1|2024-04-28 00:02:56
4536000|1.3573|0|2024-04-28 00:03:01
4535000|3.61|0|2024-04-28 00:03:01
4533000|27.1271|0|2024-04-28 00:03:01
4532000|10.8087|0|2024-04-28 00:03:01
4531000|4.4651|0|2024-04-28 00:03:01
4539000|1.9207|1|2024-04-28 00:03:01
4540000|3.7121|1|2024-04-28 00:03:01
4541000|18.61|1|2024-04-28 00:03:01
4543000|12.4985|1|2024-04-28 00:03:01
4544000|96.733|1|2024-04-28 00:03:01
4536000|1.3352|0|2024-04-28 00:03:06
4535000|3.61|0|2024-04-28 00:03:06
4533000|27.1271|0|2024-04-28 00:03:06
4532000|10.8087|0|2024-04-28 00:03:06
4531000|4.4651|0|2024-04-28 00:03:06
4539000|0.0799|1|2024-04-28 00:03:06
4540000|5.4508|1|2024-04-28 00:03:06
4541000|18.7121|1|2024-04-28 00:03:06
4543000|12.5005|1|2024-04-28 00:03:06
4544000|96.733|1|2024-04-28 00:03:06
4536000|1.0597|0|2024-04-28 00:03:11
4534000|3.61|0|2024-04-28 00:03:11
4533000|21.9343|0|2024-04-28 00:03:11
4532000|3.998|0|2024-04-28 00:03:11
4531000|9.3459|0|2024-04-28 00:03:11
4538000|3.61|1|2024-04-28 00:03:11
4539000|0.0799|1|2024-04-28 00:03:11
4540000|5.4508|1|2024-04-28 00:03:11
4541000|15.1021|1|2024-04-28 00:03:11
4542000|6.8108|1|2024-04-28 00:03:11
4533000|29.1543|0|2024-04-28 00:03:16
4532000|5.2687|0|2024-04-28 00:03:16
4531000|9.5597|0|2024-04-28 00:03:16
4530000|4.0156|0|2024-04-28 00:03:16
4529000|4.4933|0|2024-04-28 00:03:16
4536000|1.9167|1|2024-04-28 00:03:16
4539000|1.9207|1|2024-04-28 00:03:16
4540000|3.61|1|2024-04-28 00:03:16
4541000|15.1021|1|2024-04-28 00:03:16
4542000|3.61|1|2024-04-28 00:03:16
4533000|29.1543|0|2024-04-28 00:03:21
4532000|5.2687|0|2024-04-28 00:03:21
4531000|9.5597|0|2024-04-28 00:03:21
4530000|4.0156|0|2024-04-28 00:03:21
4529000|4.4933|0|2024-04-28 00:03:21
4536000|1.9576|1|2024-04-28 00:03:21
4539000|1.9207|1|2024-04-28 00:03:21
4540000|3.61|1|2024-04-28 00:03:21
4541000|15.0|1|2024-04-28 00:03:21
4542000|3.61|1|2024-04-28 00:03:21
4533000|29.1543|0|2024-04-28 00:03:26
4532000|5.2687|0|2024-04-28 00:03:26
4531000|9.5597|0|2024-04-28 00:03:26
4530000|4.0156|0|2024-04-28 00:03:26
4529000|4.4933|0|2024-04-28 00:03:26
4536000|1.9576|1|2024-04-28 00:03:26
4539000|1.9207|1|2024-04-28 00:03:26
4540000|3.61|1|2024-04-28 00:03:26
4541000|15.0|1|2024-04-28 00:03:26
4542000|3.61|1|2024-04-28 00:03:26
4533000|14.1543|0|2024-04-28 00:03:31
4532000|20.2687|0|2024-04-28 00:03:31
4531000|9.5597|0|2024-04-28 00:03:31
4530000|4.0156|0|2024-04-28 00:03:31
4529000|4.4933|0|2024-04-28 00:03:31
4536000|1.9576|1|2024-04-28 00:03:31
4539000|0.0799|1|2024-04-28 00:03:31
4540000|1.8408|1|2024-04-28 00:03:31
4541000|15.0|1|2024-04-28 00:03:31
4542000|4.8807|1|2024-04-28 00:03:31
4533000|4.0|0|2024-04-28 00:03:36
4532000|7.0482|0|2024-04-28 00:03:36
4531000|22.6297|0|2024-04-28 00:03:36
4530000|5.2867|0|2024-04-28 00:03:36
4529000|4.4913|0|2024-04-28 00:03:36
4536000|1.9985|1|2024-04-28 00:03:36
4538000|1.9429|1|2024-04-28 00:03:36
4539000|15.0799|1|2024-04-28 00:03:36
4540000|3.61|1|2024-04-28 00:03:36
4541000|1.699|1|2024-04-28 00:03:36
4533000|7.6099|0|2024-04-28 00:03:41
4532000|7.445|0|2024-04-28 00:03:41
4531000|23.9006|0|2024-04-28 00:03:41
4530000|4.0156|0|2024-04-28 00:03:41
4529000|4.4933|0|2024-04-28 00:03:41
4536000|1.9985|1|2024-04-28 00:03:41
4538000|1.9429|1|2024-04-28 00:03:41
4539000|15.0799|1|2024-04-28 00:03:41
4540000|3.61|1|2024-04-28 00:03:41
4541000|0.428|1|2024-04-28 00:03:41
4533000|7.6099|0|2024-04-28 00:03:46
4532000|11.055|0|2024-04-28 00:03:46
4531000|20.2906|0|2024-04-28 00:03:46
4530000|4.0156|0|2024-04-28 00:03:46
4529000|4.4913|0|2024-04-28 00:03:46
4536000|1.9985|1|2024-04-28 00:03:46
4538000|1.9429|1|2024-04-28 00:03:46
4539000|18.6899|1|2024-04-28 00:03:46
4540000|3.61|1|2024-04-28 00:03:46
4541000|0.428|1|2024-04-28 00:03:46
4533000|7.6099|0|2024-04-28 00:03:51
4532000|11.055|0|2024-04-28 00:03:51
4531000|19.0197|0|2024-04-28 00:03:51
4530000|4.0156|0|2024-04-28 00:03:51
4529000|4.4933|0|2024-04-28 00:03:51
4536000|1.8515|1|2024-04-28 00:03:51
4538000|1.9429|1|2024-04-28 00:03:51
4539000|18.6899|1|2024-04-28 00:03:51
4540000|3.61|1|2024-04-28 00:03:51
4541000|0.428|1|2024-04-28 00:03:51
4533000|11.4822|0|2024-04-28 00:03:56
4532000|8.3189|0|2024-04-28 00:03:56
4531000|19.0197|0|2024-04-28 00:03:56
4530000|4.0156|0|2024-04-28 00:03:56
4529000|4.4952|0|2024-04-28 00:03:56
4536000|1.7668|1|2024-04-28 00:03:56
4539000|2.3671|1|2024-04-28 00:03:56
4540000|15.0|1|2024-04-28 00:03:56
4541000|0.428|1|2024-04-28 00:03:56
4542000|2.3178|1|2024-04-28 00:03:56
4533000|15.0922|0|2024-04-28 00:04:01
4532000|4.7089|0|2024-04-28 00:04:01
4531000|19.0197|0|2024-04-28 00:04:01
4530000|4.0156|0|2024-04-28 00:04:01
4529000|4.4972|0|2024-04-28 00:04:01
4536000|1.7668|1|2024-04-28 00:04:01
4539000|2.3671|1|2024-04-28 00:04:01
4540000|15.0|1|2024-04-28 00:04:01
4541000|0.428|1|2024-04-28 00:04:01
4542000|5.9278|1|2024-04-28 00:04:01
4533000|15.0922|0|2024-04-28 00:04:06
4532000|4.7089|0|2024-04-28 00:04:06
4531000|19.0197|0|2024-04-28 00:04:06
4530000|4.0156|0|2024-04-28 00:04:06
4529000|4.4972|0|2024-04-28 00:04:06
4536000|1.7668|1|2024-04-28 00:04:06
4539000|5.9771|1|2024-04-28 00:04:06
4540000|15.0|1|2024-04-28 00:04:06
4541000|0.428|1|2024-04-28 00:04:06
4542000|5.9278|1|2024-04-28 00:04:06
4533000|15.0922|0|2024-04-28 00:04:11
4532000|3.4382|0|2024-04-28 00:04:11
4531000|20.2905|0|2024-04-28 00:04:11
4530000|4.2363|0|2024-04-28 00:04:11
4529000|4.4933|0|2024-04-28 00:04:11
4536000|1.7657|1|2024-04-28 00:04:11
4539000|6.0881|1|2024-04-28 00:04:11
4540000|15.0|1|2024-04-28 00:04:11
4541000|0.428|1|2024-04-28 00:04:11
4542000|7.1986|1|2024-04-28 00:04:11
4533000|15.094|0|2024-04-28 00:04:16
4532000|4.7089|0|2024-04-28 00:04:16
4531000|19.0197|0|2024-04-28 00:04:16
4530000|4.2363|0|2024-04-28 00:04:16
4529000|4.4933|0|2024-04-28 00:04:16
4536000|1.7677|1|2024-04-28 00:04:16
4539000|5.9771|1|2024-04-28 00:04:16
4540000|15.0|1|2024-04-28 00:04:16
4541000|0.428|1|2024-04-28 00:04:16
4542000|5.9278|1|2024-04-28 00:04:16
4533000|15.094|0|2024-04-28 00:04:21
4532000|3.4382|0|2024-04-28 00:04:21
4531000|20.2905|0|2024-04-28 00:04:21
4530000|4.2363|0|2024-04-28 00:04:21
4529000|4.4933|0|2024-04-28 00:04:21
4536000|1.7664|1|2024-04-28 00:04:21
4538000|1.833|1|2024-04-28 00:04:21
4539000|4.2551|1|2024-04-28 00:04:21
4540000|15.0|1|2024-04-28 00:04:21
4541000|1.5869|1|2024-04-28 00:04:21
4533000|15.094|0|2024-04-28 00:04:26
4532000|3.4382|0|2024-04-28 00:04:26
4531000|20.2905|0|2024-04-28 00:04:26
4530000|4.2363|0|2024-04-28 00:04:26
4529000|4.4933|0|2024-04-28 00:04:26
4536000|1.7644|1|2024-04-28 00:04:26
4539000|6.0881|1|2024-04-28 00:04:26
4540000|18.61|1|2024-04-28 00:04:26
4541000|1.5869|1|2024-04-28 00:04:26
4542000|3.5886|1|2024-04-28 00:04:26
4533000|15.0919|0|2024-04-28 00:04:31
4532000|3.4382|0|2024-04-28 00:04:31
4531000|20.2905|0|2024-04-28 00:04:31
4530000|4.2363|0|2024-04-28 00:04:31
4529000|4.4913|0|2024-04-28 00:04:31
4536000|1.8715|1|2024-04-28 00:04:31
4538000|1.833|1|2024-04-28 00:04:31
4539000|4.2551|1|2024-04-28 00:04:31
4540000|18.61|1|2024-04-28 00:04:31
4541000|1.5869|1|2024-04-28 00:04:31
4533000|11.347|0|2024-04-28 00:04:36
4532000|0.4402|0|2024-04-28 00:04:36
4531000|6.6297|0|2024-04-28 00:04:36
4530000|20.5074|0|2024-04-28 00:04:36
4529000|4.0495|0|2024-04-28 00:04:36
4536000|1.8715|1|2024-04-28 00:04:36
4538000|21.1103|1|2024-04-28 00:04:36
4539000|0.0799|1|2024-04-28 00:04:36
4540000|3.61|1|2024-04-28 00:04:36
4541000|3.858|1|2024-04-28 00:04:36
4533000|3.8647|0|2024-04-28 00:04:41
4532000|0.4402|0|2024-04-28 00:04:41
4531000|6.7757|0|2024-04-28 00:04:41
4530000|19.2363|0|2024-04-28 00:04:41
4529000|7.6575|0|2024-04-28 00:04:41
4536000|1.738|1|2024-04-28 00:04:41
4537000|2.3982|1|2024-04-28 00:04:41
4538000|15.1021|1|2024-04-28 00:04:41
4539000|3.6899|1|2024-04-28 00:04:41
4540000|4.8813|1|2024-04-28 00:04:41
4533000|3.8647|0|2024-04-28 00:04:46
4532000|0.4402|0|2024-04-28 00:04:46
4531000|10.3857|0|2024-04-28 00:04:46
4530000|20.5076|0|2024-04-28 00:04:46
4529000|4.0495|0|2024-04-28 00:04:46
4536000|1.738|1|2024-04-28 00:04:46
4537000|6.0082|1|2024-04-28 00:04:46
4538000|15.1021|1|2024-04-28 00:04:46
4539000|0.0799|1|2024-04-28 00:04:46
4540000|4.8813|1|2024-04-28 00:04:46
4533000|3.7648|0|2024-04-28 00:04:51
4532000|0.4402|0|2024-04-28 00:04:51
4531000|7.3857|0|2024-04-28 00:04:51
4530000|3.2363|0|2024-04-28 00:04:51
4529000|19.0495|0|2024-04-28 00:04:51
4536000|1.738|1|2024-04-28 00:04:51
4537000|1.833|1|2024-04-28 00:04:51
4538000|18.7121|1|2024-04-28 00:04:51
4539000|0.0799|1|2024-04-28 00:04:51
4540000|4.8815|1|2024-04-28 00:04:51
4533000|10.8277|0|2024-04-28 00:04:56
4532000|4.0513|0|2024-04-28 00:04:56
4531000|3.7757|0|2024-04-28 00:04:56
4530000|3.2363|0|2024-04-28 00:04:56
4529000|20.321|0|2024-04-28 00:04:56
4536000|1.738|1|2024-04-28 00:04:56
4537000|2.3982|1|2024-04-28 00:04:56
4538000|15.1021|1|2024-04-28 00:04:56
4539000|3.6899|1|2024-04-28 00:04:56
4540000|2.2715|1|2024-04-28 00:04:56
4533000|10.8277|0|2024-04-28 00:05:01
4532000|4.0513|0|2024-04-28 00:05:01
4531000|3.7757|0|2024-04-28 00:05:01
4530000|3.2363|0|2024-04-28 00:05:01
4529000|20.321|0|2024-04-28 00:05:01
4536000|1.738|1|2024-04-28 00:05:01
4537000|5.9044|1|2024-04-28 00:05:01
4538000|15.1021|1|2024-04-28 00:05:01
4539000|3.6899|1|2024-04-28 00:05:01
4540000|2.2715|1|2024-04-28 00:05:01
4533000|14.4377|0|2024-04-28 00:05:06
4532000|0.4413|0|2024-04-28 00:05:06
4531000|3.7757|0|2024-04-28 00:05:06
4530000|4.5076|0|2024-04-28 00:05:06
4529000|19.0475|0|2024-04-28 00:05:06
4536000|1.738|1|2024-04-28 00:05:06
4537000|5.9349|1|2024-04-28 00:05:06
4538000|15.1021|1|2024-04-28 00:05:06
4539000|3.6899|1|2024-04-28 00:05:06
4540000|2.2712|1|2024-04-28 00:05:06
4533000|14.4377|0|2024-04-28 00:05:11
4532000|0.4413|0|2024-04-28 00:05:11
4531000|3.7757|0|2024-04-28 00:05:11
4530000|4.5076|0|2024-04-28 00:05:11
4529000|19.0495|0|2024-04-28 00:05:11
4536000|1.738|1|2024-04-28 00:05:11
4537000|5.9044|1|2024-04-28 00:05:11
4538000|15.1021|1|2024-04-28 00:05:11
4539000|3.6899|1|2024-04-28 00:05:11
4540000|1.0|1|2024-04-28 00:05:11
4533000|14.4377|0|2024-04-28 00:05:16
4532000|4.0513|0|2024-04-28 00:05:16
4531000|23.0466|0|2024-04-28 00:05:16
4530000|4.2363|0|2024-04-28 00:05:16
4529000|4.0475|0|2024-04-28 00:05:16
4536000|1.738|1|2024-04-28 00:05:16
4538000|0.6605|1|2024-04-28 00:05:16
4539000|15.0799|1|2024-04-28 00:05:16
4541000|2.5869|1|2024-04-28 00:05:16
4542000|8.1988|1|2024-04-28 00:05:16
4533000|8.0697|0|2024-04-28 00:05:21
4532000|4.0513|0|2024-04-28 00:05:21
4531000|19.2907|0|2024-04-28 00:05:21
4530000|4.2363|0|2024-04-28 00:05:21
4529000|4.0495|0|2024-04-28 00:05:21
4536000|1.738|1|2024-04-28 00:05:21
4538000|0.6605|1|2024-04-28 00:05:21
4539000|15.0799|1|2024-04-28 00:05:21
4540000|3.61|1|2024-04-28 00:05:21
4541000|3.858|1|2024-04-28 00:05:21
4533000|11.8348|0|2024-04-28 00:05:26
4532000|4.0513|0|2024-04-28 00:05:26
4531000|18.0197|0|2024-04-28 00:05:26
4530000|5.5073|0|2024-04-28 00:05:26
4529000|4.0475|0|2024-04-28 00:05:26
4536000|1.738|1|2024-04-28 00:05:26
4538000|2.4858|1|2024-04-28 00:05:26
4539000|15.0799|1|2024-04-28 00:05:26
4540000|3.61|1|2024-04-28 00:05:26
4541000|3.8579|1|2024-04-28 00:05:26
4533000|5.0652|0|2024-04-28 00:05:31
4532000|1.2765|0|2024-04-28 00:05:31
4531000|21.745|0|2024-04-28 00:05:31
4530000|4.2363|0|2024-04-28 00:05:31
4529000|4.0495|0|2024-04-28 00:05:31
4536000|1.738|1|2024-04-28 00:05:31
4538000|2.4858|1|2024-04-28 00:05:31
4539000|15.0799|1|2024-04-28 00:05:31
4540000|3.61|1|2024-04-28 00:05:31
4541000|2.5869|1|2024-04-28 00:05:31
4533000|5.0652|0|2024-04-28 00:05:36
4532000|1.2768|0|2024-04-28 00:05:36
4531000|25.355|0|2024-04-28 00:05:36
4530000|5.5075|0|2024-04-28 00:05:36
4529000|4.0495|0|2024-04-28 00:05:36
4536000|0.4423|1|2024-04-28 00:05:36
4538000|1.9274|1|2024-04-28 00:05:36
4539000|15.0799|1|2024-04-28 00:05:36
4540000|3.61|1|2024-04-28 00:05:36
4541000|3.8581|1|2024-04-28 00:05:36
4533000|5.0652|0|2024-04-28 00:05:41
4532000|1.2799|0|2024-04-28 00:05:41
4531000|25.355|0|2024-04-28 00:05:41
4530000|5.5075|0|2024-04-28 00:05:41
4529000|4.0495|0|2024-04-28 00:05:41
4536000|0.3484|1|2024-04-28 00:05:41
4538000|1.9274|1|2024-04-28 00:05:41
4539000|15.6451|1|2024-04-28 00:05:41
4540000|3.61|1|2024-04-28 00:05:41
4541000|3.8581|1|2024-04-28 00:05:41
4533000|5.9016|0|2024-04-28 00:05:46
4532000|7.6659|0|2024-04-28 00:05:46
4531000|19.2907|0|2024-04-28 00:05:46
4530000|4.2363|0|2024-04-28 00:05:46
4529000|4.0495|0|2024-04-28 00:05:46
4536000|0.3484|1|2024-04-28 00:05:46
4538000|1.8253|1|2024-04-28 00:05:46
4539000|15.0799|1|2024-04-28 00:05:46
4540000|4.1752|1|2024-04-28 00:05:46
4541000|2.5869|1|2024-04-28 00:05:46
4534000|8.9263|0|2024-04-28 00:05:51
4533000|1.4406|0|2024-04-28 00:05:51
4532000|7.6659|0|2024-04-28 00:05:51
4531000|19.2907|0|2024-04-28 00:05:51
4530000|9.7763|0|2024-04-28 00:05:51
4536000|0.3484|1|2024-04-28 00:05:51
4539000|15.0799|1|2024-04-28 00:05:51
4540000|4.1752|1|2024-04-28 00:05:51
4541000|2.5869|1|2024-04-28 00:05:51
4542000|10.1288|1|2024-04-28 00:05:51
4536000|4.1118|0|2024-04-28 00:05:56
4535000|1.8234|0|2024-04-28 00:05:56
4534000|3.61|0|2024-04-28 00:05:56
4533000|1.4406|0|2024-04-28 00:05:56
4532000|7.6659|0|2024-04-28 00:05:56
4539000|0.0799|1|2024-04-28 00:05:56
4540000|19.1752|1|2024-04-28 00:05:56
4541000|2.261|1|2024-04-28 00:05:56
4542000|10.1288|1|2024-04-28 00:05:56
4543000|101.0148|1|2024-04-28 00:05:56
4536000|4.1118|0|2024-04-28 00:06:01
4535000|3.61|0|2024-04-28 00:06:01
4533000|3.5022|0|2024-04-28 00:06:01
4532000|4.0513|0|2024-04-28 00:06:01
4531000|20.2907|0|2024-04-28 00:06:01
4539000|3.6899|1|2024-04-28 00:06:01
4540000|19.098|1|2024-04-28 00:06:01
4541000|1.261|1|2024-04-28 00:06:01
4542000|10.1288|1|2024-04-28 00:06:01
4543000|101.0128|1|2024-04-28 00:06:01
4536000|4.0658|0|2024-04-28 00:06:06
4534000|1.8234|0|2024-04-28 00:06:06
4533000|25.7222|0|2024-04-28 00:06:06
4532000|4.7119|0|2024-04-28 00:06:06
4531000|4.0197|0|2024-04-28 00:06:06
4539000|0.0799|1|2024-04-28 00:06:06
4541000|16.261|1|2024-04-28 00:06:06
4542000|3.3178|1|2024-04-28 00:06:06
4543000|15.1105|1|2024-04-28 00:06:06
4544000|6.5133|1|2024-04-28 00:06:06
4536000|5.8892|0|2024-04-28 00:06:11
4535000|3.61|0|2024-04-28 00:06:11
4534000|1.2706|0|2024-04-28 00:06:11
4533000|22.1122|0|2024-04-28 00:06:11
4532000|3.4413|0|2024-04-28 00:06:11
4539000|0.0799|1|2024-04-28 00:06:11
4540000|3.61|1|2024-04-28 00:06:11
4541000|20.4362|1|2024-04-28 00:06:11
4542000|3.3178|1|2024-04-28 00:06:11
4543000|10.7931|1|2024-04-28 00:06:11
4536000|5.8892|0|2024-04-28 00:06:16
4535000|3.61|0|2024-04-28 00:06:16
4534000|4.1527|0|2024-04-28 00:06:16
4533000|19.8806|0|2024-04-28 00:06:16
4532000|3.4413|0|2024-04-28 00:06:16
4539000|0.0799|1|2024-04-28 00:06:16
4540000|3.61|1|2024-04-28 00:06:16
4541000|20.4362|1|2024-04-28 00:06:16
4542000|3.3178|1|2024-04-28 00:06:16
4543000|10.7951|1|2024-04-28 00:06:16
4536000|5.8892|0|2024-04-28 00:06:21
4535000|3.61|0|2024-04-28 00:06:21
4534000|4.1527|0|2024-04-28 00:06:21
4533000|19.8807|0|2024-04-28 00:06:21
4532000|3.4413|0|2024-04-28 00:06:21
4539000|3.6899|1|2024-04-28 00:06:21
4541000|20.4362|1|2024-04-28 00:06:21
4542000|4.8396|1|2024-04-28 00:06:21
4543000|12.0636|1|2024-04-28 00:06:21
4544000|6.5133|1|2024-04-28 00:06:21
4536000|5.8892|0|2024-04-28 00:06:26
4535000|3.61|0|2024-04-28 00:06:26
4534000|4.1527|0|2024-04-28 00:06:26
4533000|19.8807|0|2024-04-28 00:06:26
4532000|4.4413|0|2024-04-28 00:06:26
4539000|3.6899|1|2024-04-28 00:06:26
4541000|20.4362|1|2024-04-28 00:06:26
4542000|3.8396|1|2024-04-28 00:06:26
4543000|11.7929|1|2024-04-28 00:06:26
4544000|7.784|1|2024-04-28 00:06:26
4536000|3.9777|0|2024-04-28 00:06:31
4534000|1.8234|0|2024-04-28 00:06:31
4533000|15.0|0|2024-04-28 00:06:31
4532000|12.1082|0|2024-04-28 00:06:31
4531000|5.4022|0|2024-04-28 00:06:31
4539000|3.6445|1|2024-04-28 00:06:31
4540000|2.0107|1|2024-04-28 00:06:31
4541000|19.871|1|2024-04-28 00:06:31
4542000|5.1107|1|2024-04-28 00:06:31
4543000|17.3329|1|2024-04-28 00:06:31
4536000|3.9777|0|2024-04-28 00:06:36
4535000|5.4334|0|2024-04-28 00:06:36
4533000|15.0|0|2024-04-28 00:06:36
4532000|13.379|0|2024-04-28 00:06:36
4531000|4.3157|0|2024-04-28 00:06:36
4539000|3.6445|1|2024-04-28 00:06:36
4540000|1.4455|1|2024-04-28 00:06:36
4541000|19.871|1|2024-04-28 00:06:36
4542000|3.8396|1|2024-04-28 00:06:36
4543000|20.2136|1|2024-04-28 00:06:36
4536000|3.9777|0|2024-04-28 00:06:41
4534000|3.61|0|2024-04-28 00:06:41
4533000|18.0|0|2024-04-28 00:06:41
4532000|12.1082|0|2024-04-28 00:06:41
4531000|4.3179|0|2024-04-28 00:06:41
4539000|0.0345|1|2024-04-28 00:06:41
4540000|1.4455|1|2024-04-28 00:06:41
4541000|16.261|1|2024-04-28 00:06:41
4542000|3.8396|1|2024-04-28 00:06:41
4543000|17.0127|1|2024-04-28 00:06:41
4536000|3.9777|0|2024-04-28 00:06:46
4535000|1.8234|0|2024-04-28 00:06:46
4534000|4.0105|0|2024-04-28 00:06:46
4533000|22.8806|0|2024-04-28 00:06:46
4532000|4.4413|0|2024-04-28 00:06:46
4539000|0.0345|1|2024-04-28 00:06:46
4540000|5.0555|1|2024-04-28 00:06:46
4541000|16.8262|1|2024-04-28 00:06:46
4542000|7.4496|1|2024-04-28 00:06:46
4543000|12.8355|1|2024-04-28 00:06:46
4536000|3.4883|0|2024-04-28 00:06:51
4535000|5.4334|0|2024-04-28 00:06:51
4534000|4.0105|0|2024-04-28 00:06:51
4533000|22.8806|0|2024-04-28 00:06:51
4532000|4.4413|0|2024-04-28 00:06:51
4539000|0.0345|1|2024-04-28 00:06:51
4540000|3.61|1|2024-04-28 00:06:51
4541000|3.2711|1|2024-04-28 00:06:51
4542000|22.4496|1|2024-04-28 00:06:51
4543000|12.8375|1|2024-04-28 00:06:51
4536000|5.3117|0|2024-04-28 00:06:56
4535000|3.61|0|2024-04-28 00:06:56
4534000|4.0105|0|2024-04-28 00:06:56
4533000|22.8806|0|2024-04-28 00:06:56
4532000|4.4413|0|2024-04-28 00:06:56
4539000|0.0133|1|2024-04-28 00:06:56
4540000|3.61|1|2024-04-28 00:06:56
4541000|3.2711|1|2024-04-28 00:06:56
4542000|22.4496|1|2024-04-28 00:06:56
4543000|12.8355|1|2024-04-28 00:06:56
4536000|5.3117|0|2024-04-28 00:07:01
4535000|3.61|0|2024-04-28 00:07:01
4534000|4.0105|0|2024-04-28 00:07:01
4533000|22.8806|0|2024-04-28 00:07:01
4532000|4.4413|0|2024-04-28 00:07:01
4539000|0.0133|1|2024-04-28 00:07:01
4540000|3.61|1|2024-04-28 00:07:01
4541000|3.2711|1|2024-04-28 00:07:01
4542000|22.4496|1|2024-04-28 00:07:01
4543000|12.8375|1|2024-04-28 00:07:01
4536000|5.3117|0|2024-04-28 00:07:06
4535000|3.61|0|2024-04-28 00:07:06
4534000|4.0105|0|2024-04-28 00:07:06
4533000|22.8806|0|2024-04-28 00:07:06
4532000|4.4413|0|2024-04-28 00:07:06
4539000|0.0133|1|2024-04-28 00:07:06
4540000|3.61|1|2024-04-28 00:07:06
4541000|3.2711|1|2024-04-28 00:07:06
4542000|22.4496|1|2024-04-28 00:07:06
4543000|12.8375|1|2024-04-28 00:07:06
4536000|5.3117|0|2024-04-28 00:07:11
4535000|3.61|0|2024-04-28 00:07:11
4534000|4.0105|0|2024-04-28 00:07:11
4533000|22.8806|0|2024-04-28 00:07:11
4532000|4.4413|0|2024-04-28 00:07:11
4539000|0.0133|1|2024-04-28 00:07:11
4540000|3.61|1|2024-04-28 00:07:11
4541000|3.2711|1|2024-04-28 00:07:11
4542000|22.4496|1|2024-04-28 00:07:11
4543000|12.4011|1|2024-04-28 00:07:11
4536000|5.3117|0|2024-04-28 00:07:16
4535000|3.61|0|2024-04-28 00:07:16
4534000|4.0105|0|2024-04-28 00:07:16
4533000|22.8806|0|2024-04-28 00:07:16
4532000|4.4413|0|2024-04-28 00:07:16
4539000|0.0133|1|2024-04-28 00:07:16
4540000|3.61|1|2024-04-28 00:07:16
4541000|3.2711|1|2024-04-28 00:07:16
4542000|22.4496|1|2024-04-28 00:07:16
4543000|11.4011|1|2024-04-28 00:07:16
4536000|5.3117|0|2024-04-28 00:07:21
4535000|3.61|0|2024-04-28 00:07:21
4534000|4.0105|0|2024-04-28 00:07:21
4533000|23.8806|0|2024-04-28 00:07:21
4532000|4.4413|0|2024-04-28 00:07:21
4539000|0.0133|1|2024-04-28 00:07:21
4540000|3.61|1|2024-04-28 00:07:21
4541000|3.2711|1|2024-04-28 00:07:21
4542000|22.4496|1|2024-04-28 00:07:21
4543000|11.4011|1|2024-04-28 00:07:21
4536000|5.3117|0|2024-04-28 00:07:26
4535000|3.61|0|2024-04-28 00:07:26
4534000|4.0105|0|2024-04-28 00:07:26
4533000|23.8806|0|2024-04-28 00:07:26
4532000|4.4413|0|2024-04-28 00:07:26
4539000|0.0133|1|2024-04-28 00:07:26
4540000|3.61|1|2024-04-28 00:07:26
4541000|3.2711|1|2024-04-28 00:07:26
4542000|22.4496|1|2024-04-28 00:07:26
4543000|14.4479|1|2024-04-28 00:07:26
4536000|5.3117|0|2024-04-28 00:07:31
4535000|3.61|0|2024-04-28 00:07:31
4534000|4.0105|0|2024-04-28 00:07:31
4533000|23.8806|0|2024-04-28 00:07:31
4532000|4.4413|0|2024-04-28 00:07:31
4539000|0.0111|1|2024-04-28 00:07:31
4540000|3.61|1|2024-04-28 00:07:31
4541000|3.2711|1|2024-04-28 00:07:31
4542000|22.4496|1|2024-04-28 00:07:31
4543000|14.4459|1|2024-04-28 00:07:31
4539000|2.4729|0|2024-04-28 00:07:36
4536000|7.0983|0|2024-04-28 00:07:36
4535000|1.8234|0|2024-04-28 00:07:36
4534000|11.8909|0|2024-04-28 00:07:36
4533000|19.0|0|2024-04-28 00:07:36
4541000|6.779|1|2024-04-28 00:07:36
4542000|18.8396|1|2024-04-28 00:07:36
4543000|18.0579|1|2024-04-28 00:07:36
4544000|7.5133|1|2024-04-28 00:07:36
4545000|12.3524|1|2024-04-28 00:07:36
4539000|5.4994|0|2024-04-28 00:07:41
4537000|1.8234|0|2024-04-28 00:07:41
4536000|3.6111|0|2024-04-28 00:07:41
4534000|10.6205|0|2024-04-28 00:07:41
4533000|20.7125|0|2024-04-28 00:07:41
4541000|2.6038|1|2024-04-28 00:07:41
4542000|19.4048|1|2024-04-28 00:07:41
4543000|18.158|1|2024-04-28 00:07:41
4544000|8.364|1|2024-04-28 00:07:41
4545000|11.08|1|2024-04-28 00:07:41
4539000|4.7056|0|2024-04-28 00:07:46
4537000|1.8234|0|2024-04-28 00:07:46
4536000|3.6111|0|2024-04-28 00:07:46
4535000|3.8683|0|2024-04-28 00:07:46
4534000|6.61|0|2024-04-28 00:07:46
4540000|3.61|1|2024-04-28 00:07:46
4541000|2.6038|1|2024-04-28 00:07:46
4542000|4.4048|1|2024-04-28 00:07:46
4543000|33.16|1|2024-04-28 00:07:46
4544000|8.366|1|2024-04-28 00:07:46
4539000|3.9999|0|2024-04-28 00:07:51
4537000|1.8234|0|2024-04-28 00:07:51
4536000|3.6111|0|2024-04-28 00:07:51
4535000|3.8683|0|2024-04-28 00:07:51
4534000|6.61|0|2024-04-28 00:07:51
4540000|3.61|1|2024-04-28 00:07:51
4541000|2.6038|1|2024-04-28 00:07:51
4542000|4.4048|1|2024-04-28 00:07:51
4543000|33.16|1|2024-04-28 00:07:51
4544000|8.364|1|2024-04-28 00:07:51
4539000|3.7353|0|2024-04-28 00:07:56
4537000|1.8234|0|2024-04-28 00:07:56
4536000|3.6111|0|2024-04-28 00:07:56
4535000|18.8683|0|2024-04-28 00:07:56
4534000|7.8804|0|2024-04-28 00:07:56
4540000|3.61|1|2024-04-28 00:07:56
4541000|2.6038|1|2024-04-28 00:07:56
4542000|4.4048|1|2024-04-28 00:07:56
4543000|33.16|1|2024-04-28 00:07:56
4544000|6.0954|1|2024-04-28 00:07:56
4539000|3.4872|0|2024-04-28 00:08:01
4537000|3.61|0|2024-04-28 00:08:01
4536000|0.0011|0|2024-04-28 00:08:01
4535000|18.8683|0|2024-04-28 00:08:01
4534000|7.8804|0|2024-04-28 00:08:01
4541000|4.7689|1|2024-04-28 00:08:01
4542000|4.4048|1|2024-04-28 00:08:01
4543000|33.16|1|2024-04-28 00:08:01
4544000|6.0954|1|2024-04-28 00:08:01
4545000|13.3524|1|2024-04-28 00:08:01
4539000|0.7641|0|2024-04-28 00:08:06
4537000|3.61|0|2024-04-28 00:08:06
4536000|1.8245|0|2024-04-28 00:08:06
4535000|18.8683|0|2024-04-28 00:08:06
4534000|8.8804|0|2024-04-28 00:08:06
4541000|4.7689|1|2024-04-28 00:08:06
4542000|4.4048|1|2024-04-28 00:08:06
4543000|18.16|1|2024-04-28 00:08:06
4544000|21.0954|1|2024-04-28 00:08:06
4545000|13.3524|1|2024-04-28 00:08:06
4539000|0.7641|0|2024-04-28 00:08:11
4537000|3.61|0|2024-04-28 00:08:11
4536000|1.8245|0|2024-04-28 00:08:11
4535000|21.8683|0|2024-04-28 00:08:11
4534000|8.8804|0|2024-04-28 00:08:11
4541000|4.7689|1|2024-04-28 00:08:11
4542000|4.4048|1|2024-04-28 00:08:11
4543000|18.16|1|2024-04-28 00:08:11
4544000|21.0954|1|2024-04-28 00:08:11
4545000|13.3524|1|2024-04-28 00:08:11
4539000|0.763|0|2024-04-28 00:08:16
4537000|1.8415|0|2024-04-28 00:08:16
4536000|7.4697|0|2024-04-28 00:08:16
4535000|18.0|0|2024-04-28 00:08:16
4534000|7.61|0|2024-04-28 00:08:16
4541000|3.8002|1|2024-04-28 00:08:16
4542000|6.4809|1|2024-04-28 00:08:16
4543000|15.1132|1|2024-04-28 00:08:16
4544000|21.0934|1|2024-04-28 00:08:16
4545000|9.15|1|2024-04-28 00:08:16
4539000|0.763|0|2024-04-28 00:08:21
4537000|5.4515|0|2024-04-28 00:08:21
4536000|3.8597|0|2024-04-28 00:08:21
4535000|22.8801|0|2024-04-28 00:08:21
4534000|4.0|0|2024-04-28 00:08:21
4541000|3.8002|1|2024-04-28 00:08:21
4542000|10.0909|1|2024-04-28 00:08:21
4543000|15.1152|1|2024-04-28 00:08:21
4544000|24.7054|1|2024-04-28 00:08:21
4545000|5.542|1|2024-04-28 00:08:21
4539000|0.763|0|2024-04-28 00:08:26
4538000|5.4515|0|2024-04-28 00:08:26
4537000|15.0|0|2024-04-28 00:08:26
4536000|6.8597|0|2024-04-28 00:08:26
4535000|8.8801|0|2024-04-28 00:08:26
4541000|3.8002|1|2024-04-28 00:08:26
4542000|10.0909|1|2024-04-28 00:08:26
4543000|15.1132|1|2024-04-28 00:08:26
4544000|9.7034|1|2024-04-28 00:08:26
4545000|5.54|1|2024-04-28 00:08:26
4539000|0.763|0|2024-04-28 00:08:31
4538000|1.8415|0|2024-04-28 00:08:31
4537000|18.7914|0|2024-04-28 00:08:31
4536000|8.8809|0|2024-04-28 00:08:31
4535000|4.0|0|2024-04-28 00:08:31
4541000|3.8002|1|2024-04-28 00:08:31
4542000|6.4809|1|2024-04-28 00:08:31
4543000|14.4479|1|2024-04-28 00:08:31
4544000|6.6606|1|2024-04-28 00:08:31
4545000|0.002|1|2024-04-28 00:08:31
4539000|0.763|0|2024-04-28 00:08:36
4538000|5.4515|0|2024-04-28 00:08:36
4537000|27.6709|0|2024-04-28 00:08:36
4536000|4.0011|0|2024-04-28 00:08:36
4535000|4.0|0|2024-04-28 00:08:36
4541000|3.8002|1|2024-04-28 00:08:36
4542000|6.4809|1|2024-04-28 00:08:36
4543000|14.4459|1|2024-04-28 00:08:36
4544000|6.0934|1|2024-04-28 00:08:36
4545000|0.5652|1|2024-04-28 00:08:36
4539000|6.2145|0|2024-04-28 00:08:41
4538000|6.61|0|2024-04-28 00:08:41
4537000|24.0609|0|2024-04-28 00:08:41
4536000|4.0011|0|2024-04-28 00:08:41
4535000|4.0|0|2024-04-28 00:08:41
4541000|3.751|1|2024-04-28 00:08:41
4542000|6.4809|1|2024-04-28 00:08:41
4543000|14.4479|1|2024-04-28 00:08:41
4544000|6.0954|1|2024-04-28 00:08:41
4545000|4.0765|1|2024-04-28 00:08:41
4539000|9.9915|0|2024-04-28 00:08:46
4538000|6.61|0|2024-04-28 00:08:46
4537000|20.2695|0|2024-04-28 00:08:46
4536000|4.0011|0|2024-04-28 00:08:46
4535000|4.0|0|2024-04-28 00:08:46
4541000|0.3101|1|2024-04-28 00:08:46
4542000|6.4809|1|2024-04-28 00:08:46
4543000|14.4459|1|2024-04-28 00:08:46
4544000|9.7054|1|2024-04-28 00:08:46
4545000|0.002|1|2024-04-28 00:08:46
4539000|9.9915|0|2024-04-28 00:08:51
4538000|7.8792|0|2024-04-28 00:08:51
4537000|19.0|0|2024-04-28 00:08:51
4536000|4.0011|0|2024-04-28 00:08:51
4535000|4.022|0|2024-04-28 00:08:51
4541000|0.3101|1|2024-04-28 00:08:51
4542000|6.4809|1|2024-04-28 00:08:51
4543000|14.4459|1|2024-04-28 00:08:51
4544000|9.7054|1|2024-04-28 00:08:51
4545000|0.002|1|2024-04-28 00:08:51
4539000|9.9915|0|2024-04-28 00:08:56
4538000|7.8792|0|2024-04-28 00:08:56
4537000|19.0|0|2024-04-28 00:08:56
4536000|4.0011|0|2024-04-28 00:08:56
4535000|4.022|0|2024-04-28 00:08:56
4541000|0.3101|1|2024-04-28 00:08:56
4542000|6.4809|1|2024-04-28 00:08:56
4543000|14.4459|1|2024-04-28 00:08:56
4544000|6.0934|1|2024-04-28 00:08:56
4545000|3.61|1|2024-04-28 00:08:56
4541000|1.4636|0|2024-04-28 00:09:01
4540000|5.4699|0|2024-04-28 00:09:01
4539000|3.7883|0|2024-04-28 00:09:01
4538000|7.8792|0|2024-04-28 00:09:01
4537000|24.54|0|2024-04-28 00:09:01
4542000|6.444|1|2024-04-28 00:09:01
4543000|14.4459|1|2024-04-28 00:09:01
4544000|6.0954|1|2024-04-28 00:09:01
4545000|3.7141|1|2024-04-28 00:09:01
4546000|15.5727|1|2024-04-28 00:09:01
4541000|1.4636|0|2024-04-28 00:09:06
4540000|1.8599|0|2024-04-28 00:09:06
4539000|11.6673|0|2024-04-28 00:09:06
4538000|4.0|0|2024-04-28 00:09:06
4537000|24.54|0|2024-04-28 00:09:06
4542000|6.3927|1|2024-04-28 00:09:06
4543000|14.4459|1|2024-04-28 00:09:06
4544000|6.0954|1|2024-04-28 00:09:06
4545000|0.1041|1|2024-04-28 00:09:06
4546000|18.6175|1|2024-04-28 00:09:06
4541000|3.3173|0|2024-04-28 00:09:11
4540000|8.0813|0|2024-04-28 00:09:11
4539000|22.7883|0|2024-04-28 00:09:11
4538000|4.0|0|2024-04-28 00:09:11
4537000|9.54|0|2024-04-28 00:09:11
4542000|6.2119|1|2024-04-28 00:09:11
4543000|14.4459|1|2024-04-28 00:09:11
4544000|6.0954|1|2024-04-28 00:09:11
4545000|0.1041|1|2024-04-28 00:09:11
4546000|0.0075|1|2024-04-28 00:09:11
4541000|7.0297|0|2024-04-28 00:09:16
4540000|7.8126|0|2024-04-28 00:09:16
4539000|19.0113|0|2024-04-28 00:09:16
4538000|4.0022|0|2024-04-28 00:09:16
4537000|9.54|0|2024-04-28 00:09:16
4542000|5.5458|1|2024-04-28 00:09:16
4543000|14.4459|1|2024-04-28 00:09:16
4544000|6.0934|1|2024-04-28 00:09:16
4545000|0.002|1|2024-04-28 00:09:16
4546000|0.0075|1|2024-04-28 00:09:16
4542000|2.6315|0|2024-04-28 00:09:21
4541000|8.023|0|2024-04-28 00:09:21
4540000|7.8126|0|2024-04-28 00:09:21
4539000|19.0113|0|2024-04-28 00:09:21
4538000|4.0022|0|2024-04-28 00:09:21
4543000|14.4459|1|2024-04-28 00:09:21
4544000|6.0934|1|2024-04-28 00:09:21
4545000|0.002|1|2024-04-28 00:09:21
4546000|0.1096|1|2024-04-28 00:09:21
4547000|19.6134|1|2024-04-28 00:09:21
4542000|2.5552|0|2024-04-28 00:09:26
4541000|8.023|0|2024-04-28 00:09:26
4540000|9.0813|0|2024-04-28 00:09:26
4539000|19.0113|0|2024-04-28 00:09:26
4538000|4.0022|0|2024-04-28 00:09:26
4543000|11.3991|1|2024-04-28 00:09:26
4544000|6.0934|1|2024-04-28 00:09:26
4545000|0.002|1|2024-04-28 00:09:26
4546000|0.1096|1|2024-04-28 00:09:26
4547000|19.6134|1|2024-04-28 00:09:26
4542000|0.763|0|2024-04-28 00:09:31
4541000|8.023|0|2024-04-28 00:09:31
4540000|7.8126|0|2024-04-28 00:09:31
4539000|20.2801|0|2024-04-28 00:09:31
4538000|4.0022|0|2024-04-28 00:09:31
4543000|11.3991|1|2024-04-28 00:09:31
4544000|6.0934|1|2024-04-28 00:09:31
4546000|3.7176|1|2024-04-28 00:09:31
4547000|16.5333|1|2024-04-28 00:09:31
4548000|0.0022|1|2024-04-28 00:09:31
4542000|0.763|0|2024-04-28 00:09:36
4541000|0.7006|0|2024-04-28 00:09:36
4540000|5.0711|0|2024-04-28 00:09:36
4539000|7.7237|0|2024-04-28 00:09:36
4538000|23.8814|0|2024-04-28 00:09:36
4543000|11.3991|1|2024-04-28 00:09:36
4544000|6.0934|1|2024-04-28 00:09:36
4545000|3.612|1|2024-04-28 00:09:36
4546000|0.6748|1|2024-04-28 00:09:36
4547000|19.6134|1|2024-04-28 00:09:36
4542000|0.763|0|2024-04-28 00:09:41
4541000|2.5691|0|2024-04-28 00:09:41
4540000|6.8226|0|2024-04-28 00:09:41
4539000|7.7237|0|2024-04-28 00:09:41
4538000|19.0|0|2024-04-28 00:09:41
4543000|10.9336|1|2024-04-28 00:09:41
4544000|6.0934|1|2024-04-28 00:09:41
4545000|0.002|1|2024-04-28 00:09:41
4546000|0.0075|1|2024-04-28 00:09:41
4547000|16.0034|1|2024-04-28 00:09:41
4542000|0.7589|0|2024-04-28 00:09:46
4541000|1.8685|0|2024-04-28 00:09:46
4540000|8.0912|0|2024-04-28 00:09:46
4539000|7.7237|0|2024-04-28 00:09:46
4538000|22.61|0|2024-04-28 00:09:46
4543000|10.7867|1|2024-04-28 00:09:46
4544000|6.0934|1|2024-04-28 00:09:46
4545000|0.002|1|2024-04-28 00:09:46
4546000|0.1096|1|2024-04-28 00:09:46
4547000|16.0034|1|2024-04-28 00:09:46
4542000|0.7589|0|2024-04-28 00:09:51
4541000|9.4051|0|2024-04-28 00:09:51
4540000|4.4812|0|2024-04-28 00:09:51
4539000|7.6213|0|2024-04-28 00:09:51
4538000|19.0|0|2024-04-28 00:09:51
4543000|9.7441|1|2024-04-28 00:09:51
4544000|6.0934|1|2024-04-28 00:09:51
4545000|0.002|1|2024-04-28 00:09:51
4546000|0.1096|1|2024-04-28 00:09:51
4547000|16.3842|1|2024-04-28 00:09:51
4542000|4.7589|0|2024-04-28 00:09:56
4541000|9.4051|0|2024-04-28 00:09:56
4540000|3.2126|0|2024-04-28 00:09:56
4539000|7.6213|0|2024-04-28 00:09:56
4538000|19.4378|0|2024-04-28 00:09:56
4543000|9.0431|1|2024-04-28 00:09:56
4544000|6.0934|1|2024-04-28 00:09:56
4546000|0.298|1|2024-04-28 00:09:56
4547000|16.3842|1|2024-04-28 00:09:56
4548000|7.942|1|2024-04-28 00:09:56
4542000|4.869|0|2024-04-28 00:10:01
4541000|9.4051|0|2024-04-28 00:10:01
4540000|3.2126|0|2024-04-28 00:10:01
4539000|8.89|0|2024-04-28 00:10:01
4538000|19.1139|0|2024-04-28 00:10:01
4543000|8.6161|1|2024-04-28 00:10:01
4544000|6.0934|1|2024-04-28 00:10:01
4545000|0.002|1|2024-04-28 00:10:01
4546000|0.3|1|2024-04-28 00:10:01
4547000|16.3842|1|2024-04-28 00:10:01
4542000|6.7258|0|2024-04-28 00:10:06
4541000|7.5366|0|2024-04-28 00:10:06
4540000|3.2126|0|2024-04-28 00:10:06
4539000|8.89|0|2024-04-28 00:10:06
4538000|19.0|0|2024-04-28 00:10:06
4543000|8.4104|1|2024-04-28 00:10:06
4544000|6.0934|1|2024-04-28 00:10:06
4545000|0.1904|1|2024-04-28 00:10:06
4546000|0.298|1|2024-04-28 00:10:06
4547000|16.3822|1|2024-04-28 00:10:06
4542000|6.7258|0|2024-04-28 00:10:11
4541000|7.5366|0|2024-04-28 00:10:11
4540000|3.2126|0|2024-04-28 00:10:11
4539000|7.6213|0|2024-04-28 00:10:11
4538000|20.4981|0|2024-04-28 00:10:11
4543000|7.8533|1|2024-04-28 00:10:11
4544000|6.0934|1|2024-04-28 00:10:11
4545000|0.1904|1|2024-04-28 00:10:11
4546000|3.91|1|2024-04-28 00:10:11
4547000|16.9494|1|2024-04-28 00:10:11
4542000|6.7258|0|2024-04-28 00:10:16
4541000|3.9266|0|2024-04-28 00:10:16
4540000|3.2126|0|2024-04-28 00:10:16
4539000|11.2313|0|2024-04-28 00:10:16
4538000|21.5989|0|2024-04-28 00:10:16
4543000|6.7773|1|2024-04-28 00:10:16
4544000|6.0934|1|2024-04-28 00:10:16
4545000|0.1904|1|2024-04-28 00:10:16
4546000|0.3|1|2024-04-28 00:10:16
4547000|20.5594|1|2024-04-28 00:10:16
4542000|6.7368|0|2024-04-28 00:10:21
4541000|3.9266|0|2024-04-28 00:10:21
4540000|3.2126|0|2024-04-28 00:10:21
4539000|11.2313|0|2024-04-28 00:10:21
4538000|20.2689|0|2024-04-28 00:10:21
4543000|6.7773|1|2024-04-28 00:10:21
4544000|6.0934|1|2024-04-28 00:10:21
4545000|0.1904|1|2024-04-28 00:10:21
4546000|0.3|1|2024-04-28 00:10:21
4547000|20.5594|1|2024-04-28 00:10:21
4542000|6.7368|0|2024-04-28 00:10:26
4541000|3.9266|0|2024-04-28 00:10:26
4540000|3.2126|0|2024-04-28 00:10:26
4539000|11.2313|0|2024-04-28 00:10:26
4538000|22.4946|0|2024-04-28 00:10:26
4543000|6.5838|1|2024-04-28 00:10:26
4544000|6.0934|1|2024-04-28 00:10:26
4545000|0.1904|1|2024-04-28 00:10:26
4546000|0.3|1|2024-04-28 00:10:26
4547000|20.5594|1|2024-04-28 00:10:26
4542000|6.7368|0|2024-04-28 00:10:31
4541000|3.9266|0|2024-04-28 00:10:31
4540000|3.2126|0|2024-04-28 00:10:31
4539000|11.2313|0|2024-04-28 00:10:31
4538000|21.754|0|2024-04-28 00:10:31
4543000|6.5551|1|2024-04-28 00:10:31
4544000|6.0934|1|2024-04-28 00:10:31
4545000|0.1904|1|2024-04-28 00:10:31
4546000|0.3|1|2024-04-28 00:10:31
4547000|20.5594|1|2024-04-28 00:10:31
4542000|6.7368|0|2024-04-28 00:10:36
4541000|3.9266|0|2024-04-28 00:10:36
4540000|6.8226|0|2024-04-28 00:10:36
4539000|7.6213|0|2024-04-28 00:10:36
4538000|20.5386|0|2024-04-28 00:10:36
4543000|6.5205|1|2024-04-28 00:10:36
4544000|6.0934|1|2024-04-28 00:10:36
4545000|0.1904|1|2024-04-28 00:10:36
4546000|0.3|1|2024-04-28 00:10:36
4547000|20.5594|1|2024-04-28 00:10:36
4542000|6.7368|0|2024-04-28 00:10:41
4541000|3.9266|0|2024-04-28 00:10:41
4540000|6.8226|0|2024-04-28 00:10:41
4539000|7.6213|0|2024-04-28 00:10:41
4538000|20.2689|0|2024-04-28 00:10:41
4543000|6.3513|1|2024-04-28 00:10:41
4544000|6.0934|1|2024-04-28 00:10:41
4545000|0.1904|1|2024-04-28 00:10:41
4546000|0.298|1|2024-04-28 00:10:41
4547000|20.5574|1|2024-04-28 00:10:41
4542000|6.7368|0|2024-04-28 00:10:46
4541000|3.9266|0|2024-04-28 00:10:46
4540000|6.8226|0|2024-04-28 00:10:46
4539000|7.6213|0|2024-04-28 00:10:46
4538000|20.4593|0|2024-04-28 00:10:46
4543000|5.7561|1|2024-04-28 00:10:46
4544000|6.0934|1|2024-04-28 00:10:46
4545000|0.1904|1|2024-04-28 00:10:46
4546000|0.3|1|2024-04-28 00:10:46
4547000|20.5594|1|2024-04-28 00:10:46
4542000|6.7368|0|2024-04-28 00:10:51
4541000|3.9266|0|2024-04-28 00:10:51
4540000|6.8226|0|2024-04-28 00:10:51
4539000|7.6213|0|2024-04-28 00:10:51
4538000|20.4593|0|2024-04-28 00:10:51
4543000|5.7461|1|2024-04-28 00:10:51
4544000|6.0934|1|2024-04-28 00:10:51
4545000|0.1904|1|2024-04-28 00:10:51
4546000|0.3|1|2024-04-28 00:10:51
4547000|20.5574|1|2024-04-28 00:10:51
4542000|6.7368|0|2024-04-28 00:10:56
4541000|3.9266|0|2024-04-28 00:10:56
4540000|6.8226|0|2024-04-28 00:10:56
4539000|7.6213|0|2024-04-28 00:10:56
4538000|20.4593|0|2024-04-28 00:10:56
4543000|5.7461|1|2024-04-28 00:10:56
4544000|6.0934|1|2024-04-28 00:10:56
4545000|0.1904|1|2024-04-28 00:10:56
4546000|0.3|1|2024-04-28 00:10:56
4547000|20.5594|1|2024-04-28 00:10:56
4542000|6.7368|0|2024-04-28 00:11:01
4541000|3.9266|0|2024-04-28 00:11:01
4540000|6.8226|0|2024-04-28 00:11:01
4539000|7.6213|0|2024-04-28 00:11:01
4538000|20.4593|0|2024-04-28 00:11:01
4543000|4.4823|1|2024-04-28 00:11:01
4544000|6.0934|1|2024-04-28 00:11:01
4545000|0.1904|1|2024-04-28 00:11:01
4546000|0.3|1|2024-04-28 00:11:01
4547000|20.5594|1|2024-04-28 00:11:01
4542000|6.7368|0|2024-04-28 00:11:06
4541000|3.9266|0|2024-04-28 00:11:06
4540000|6.8226|0|2024-04-28 00:11:06
4539000|7.6213|0|2024-04-28 00:11:06
4538000|20.4593|0|2024-04-28 00:11:06
4543000|4.2632|1|2024-04-28 00:11:06
4544000|6.0934|1|2024-04-28 00:11:06
4545000|0.1956|1|2024-04-28 00:11:06
4546000|0.3|1|2024-04-28 00:11:06
4547000|20.5594|1|2024-04-28 00:11:06
4542000|6.7368|0|2024-04-28 00:11:11
4541000|3.9266|0|2024-04-28 00:11:11
4540000|6.8226|0|2024-04-28 00:11:11
4539000|7.6213|0|2024-04-28 00:11:11
4538000|20.4593|0|2024-04-28 00:11:11
4543000|3.7322|1|2024-04-28 00:11:11
4544000|6.0934|1|2024-04-28 00:11:11
4545000|0.1956|1|2024-04-28 00:11:11
4546000|0.298|1|2024-04-28 00:11:11
4547000|20.5594|1|2024-04-28 00:11:11
4542000|4.8788|0|2024-04-28 00:11:16
4541000|1.8383|0|2024-04-28 00:11:16
4540000|4.1998|0|2024-04-28 00:11:16
4539000|7.6213|0|2024-04-28 00:11:16
4538000|19.1904|0|2024-04-28 00:11:16
4543000|3.7192|1|2024-04-28 00:11:16
4544000|6.0934|1|2024-04-28 00:11:16
4545000|0.1956|1|2024-04-28 00:11:16
4546000|0.298|1|2024-04-28 00:11:16
4547000|23.5574|1|2024-04-28 00:11:16
4542000|4.8788|0|2024-04-28 00:11:21
4541000|1.8383|0|2024-04-28 00:11:21
4540000|7.8098|0|2024-04-28 00:11:21
4539000|4.0113|0|2024-04-28 00:11:21
4538000|22.61|0|2024-04-28 00:11:21
4543000|3.7192|1|2024-04-28 00:11:21
4544000|6.0934|1|2024-04-28 00:11:21
4545000|3.8056|1|2024-04-28 00:11:21
4546000|0.298|1|2024-04-28 00:11:21
4547000|23.5594|1|2024-04-28 00:11:21
4542000|4.8144|0|2024-04-28 00:11:26
4541000|1.8383|0|2024-04-28 00:11:26
4540000|7.8098|0|2024-04-28 00:11:26
4539000|7.6213|0|2024-04-28 00:11:26
4538000|20.2692|0|2024-04-28 00:11:26
4543000|3.7192|1|2024-04-28 00:11:26
4544000|6.0934|1|2024-04-28 00:11:26
4545000|0.2818|1|2024-04-28 00:11:26
4546000|0.298|1|2024-04-28 00:11:26
4547000|23.5574|1|2024-04-28 00:11:26
4542000|4.8144|0|2024-04-28 00:11:31
4541000|5.4483|0|2024-04-28 00:11:31
4540000|4.1998|0|2024-04-28 00:11:31
4539000|7.6213|0|2024-04-28 00:11:31
4538000|20.2692|0|2024-04-28 00:11:31
4543000|3.7192|1|2024-04-28 00:11:31
4544000|6.0934|1|2024-04-28 00:11:31
4545000|0.3733|1|2024-04-28 00:11:31
4546000|3.908|1|2024-04-28 00:11:31
4547000|19.9494|1|2024-04-28 00:11:31
4542000|4.8144|0|2024-04-28 00:11:36
4541000|5.4483|0|2024-04-28 00:11:36
4540000|4.1998|0|2024-04-28 00:11:36
4539000|7.6213|0|2024-04-28 00:11:36
4538000|20.2692|0|2024-04-28 00:11:36
4543000|3.7192|1|2024-04-28 00:11:36
4544000|6.0934|1|2024-04-28 00:11:36
4545000|0.3733|1|2024-04-28 00:11:36
4546000|3.908|1|2024-04-28 00:11:36
4547000|19.9494|1|2024-04-28 00:11:36
4542000|4.7714|0|2024-04-28 00:11:41
4541000|5.4483|0|2024-04-28 00:11:41
4540000|4.1998|0|2024-04-28 00:11:41
4539000|7.6213|0|2024-04-28 00:11:41
4538000|20.2692|0|2024-04-28 00:11:41
4543000|3.6584|1|2024-04-28 00:11:41
4544000|6.0934|1|2024-04-28 00:11:41
4545000|0.3733|1|2024-04-28 00:11:41
4546000|3.908|1|2024-04-28 00:11:41
4547000|19.9494|1|2024-04-28 00:11:41
4542000|4.6351|0|2024-04-28 00:11:46
4541000|5.4483|0|2024-04-28 00:11:46
4540000|4.1998|0|2024-04-28 00:11:46
4539000|7.61|0|2024-04-28 00:11:46
4538000|20.2692|0|2024-04-28 00:11:46
4543000|5.1817|1|2024-04-28 00:11:46
4544000|6.0934|1|2024-04-28 00:11:46
4545000|0.2818|1|2024-04-28 00:11:46
4546000|3.908|1|2024-04-28 00:11:46
4547000|19.9494|1|2024-04-28 00:11:46
4542000|6.4734|0|2024-04-28 00:11:51
4541000|3.61|0|2024-04-28 00:11:51
4540000|8.1998|0|2024-04-28 00:11:51
4539000|8.8787|0|2024-04-28 00:11:51
4538000|19.0|0|2024-04-28 00:11:51
4543000|5.1107|1|2024-04-28 00:11:51
4544000|6.0934|1|2024-04-28 00:11:51
4545000|0.2818|1|2024-04-28 00:11:51
4546000|0.298|1|2024-04-28 00:11:51
4547000|1.3842|1|2024-04-28 00:11:51
4542000|10.2662|0|2024-04-28 00:11:56
4541000|7.22|0|2024-04-28 00:11:56
4540000|20.4712|0|2024-04-28 00:11:56
4539000|4.0|0|2024-04-28 00:11:56
4538000|4.0|0|2024-04-28 00:11:56
4543000|4.9632|1|2024-04-28 00:11:56
4544000|6.0934|1|2024-04-28 00:11:56
4545000|0.2818|1|2024-04-28 00:11:56
4546000|0.298|1|2024-04-28 00:11:56
4547000|4.9942|1|2024-04-28 00:11:56
4542000|10.2662|0|2024-04-28 00:12:01
4541000|7.22|0|2024-04-28 00:12:01
4540000|19.2026|0|2024-04-28 00:12:01
4539000|5.4387|0|2024-04-28 00:12:01
4538000|4.0|0|2024-04-28 00:12:01
4543000|4.404|1|2024-04-28 00:12:01
4544000|6.0934|1|2024-04-28 00:12:01
4545000|0.2818|1|2024-04-28 00:12:01
4546000|0.298|1|2024-04-28 00:12:01
4547000|4.9922|1|2024-04-28 00:12:01
4542000|10.2662|0|2024-04-28 00:12:06
4541000|10.22|0|2024-04-28 00:12:06
4540000|20.4713|0|2024-04-28 00:12:06
4539000|5.4387|0|2024-04-28 00:12:06
4538000|4.0|0|2024-04-28 00:12:06
4543000|3.3091|1|2024-04-28 00:12:06
4544000|6.0934|1|2024-04-28 00:12:06
4545000|0.2818|1|2024-04-28 00:12:06
4546000|0.1959|1|2024-04-28 00:12:06
4547000|4.9922|1|2024-04-28 00:12:06
4543000|9.404|0|2024-04-28 00:12:11
4542000|7.7423|0|2024-04-28 00:12:11
4541000|8.8783|0|2024-04-28 00:12:11
4540000|19.2026|0|2024-04-28 00:12:11
4539000|11.42|0|2024-04-28 00:12:11
4544000|6.0673|1|2024-04-28 00:12:11
4545000|0.2818|1|2024-04-28 00:12:11
4546000|0.1959|1|2024-04-28 00:12:11
4547000|1.3822|1|2024-04-28 00:12:11
4548000|19.3758|1|2024-04-28 00:12:11
4543000|9.404|0|2024-04-28 00:12:16
4542000|7.7423|0|2024-04-28 00:12:16
4541000|8.8783|0|2024-04-28 00:12:16
4540000|19.2026|0|2024-04-28 00:12:16
4539000|9.9813|0|2024-04-28 00:12:16
4544000|2.3239|1|2024-04-28 00:12:16
4545000|0.2818|1|2024-04-28 00:12:16
4546000|0.1959|1|2024-04-28 00:12:16
4547000|1.3822|1|2024-04-28 00:12:16
4548000|19.3758|1|2024-04-28 00:12:16
4543000|9.404|0|2024-04-28 00:12:21
4542000|7.7423|0|2024-04-28 00:12:21
4541000|8.8783|0|2024-04-28 00:12:21
4540000|19.2026|0|2024-04-28 00:12:21
4539000|12.1882|0|2024-04-28 00:12:21
4544000|2.2762|1|2024-04-28 00:12:21
4545000|0.2818|1|2024-04-28 00:12:21
4546000|0.1959|1|2024-04-28 00:12:21
4547000|1.3822|1|2024-04-28 00:12:21
4548000|19.3758|1|2024-04-28 00:12:21
4543000|13.1864|0|2024-04-28 00:12:26
4542000|7.5595|0|2024-04-28 00:12:26
4541000|5.2683|0|2024-04-28 00:12:26
4540000|19.2026|0|2024-04-28 00:12:26
4539000|12.1882|0|2024-04-28 00:12:26
4544000|2.2762|1|2024-04-28 00:12:26
4545000|0.2818|1|2024-04-28 00:12:26
4546000|0.1959|1|2024-04-28 00:12:26
4547000|1.3822|1|2024-04-28 00:12:26
4548000|19.3758|1|2024-04-28 00:12:26
4543000|13.1864|0|2024-04-28 00:12:31
4542000|7.5595|0|2024-04-28 00:12:31
4541000|5.2683|0|2024-04-28 00:12:31
4540000|19.2026|0|2024-04-28 00:12:31
4539000|12.1882|0|2024-04-28 00:12:31
4544000|2.1165|1|2024-04-28 00:12:31
4545000|0.2818|1|2024-04-28 00:12:31
4546000|0.1959|1|2024-04-28 00:12:31
4547000|1.3822|1|2024-04-28 00:12:31
4548000|19.3758|1|2024-04-28 00:12:31
4543000|16.7964|0|2024-04-28 00:12:36
4542000|3.9495|0|2024-04-28 00:12:36
4541000|5.2683|0|2024-04-28 00:12:36
4540000|19.2026|0|2024-04-28 00:12:36
4539000|9.9813|0|2024-04-28 00:12:36
4544000|2.1165|1|2024-04-28 00:12:36
4545000|0.2818|1|2024-04-28 00:12:36
4546000|0.1959|1|2024-04-28 00:12:36
4547000|1.3822|1|2024-04-28 00:12:36
4548000|15.7638|1|2024-04-28 00:12:36
4543000|16.7964|0|2024-04-28 00:12:41
4542000|3.9495|0|2024-04-28 00:12:41
4541000|5.2683|0|2024-04-28 00:12:41
4540000|19.2026|0|2024-04-28 00:12:41
4539000|9.9813|0|2024-04-28 00:12:41
4544000|2.1165|1|2024-04-28 00:12:41
4545000|0.2818|1|2024-04-28 00:12:41
4546000|0.1959|1|2024-04-28 00:12:41
4547000|1.3822|1|2024-04-28 00:12:41
4548000|15.7658|1|2024-04-28 00:12:41
4543000|17.3452|0|2024-04-28 00:12:46
4542000|3.9495|0|2024-04-28 00:12:46
4541000|4.0|0|2024-04-28 00:12:46
4540000|19.2026|0|2024-04-28 00:12:46
4539000|9.9813|0|2024-04-28 00:12:46
4544000|2.1165|1|2024-04-28 00:12:46
4545000|0.2818|1|2024-04-28 00:12:46
4546000|0.1959|1|2024-04-28 00:12:46
4547000|1.3822|1|2024-04-28 00:12:46
4548000|15.7638|1|2024-04-28 00:12:46
4543000|17.3452|0|2024-04-28 00:12:51
4542000|3.9495|0|2024-04-28 00:12:51
4541000|5.2684|0|2024-04-28 00:12:51
4540000|19.2026|0|2024-04-28 00:12:51
4539000|9.9813|0|2024-04-28 00:12:51
4544000|2.1143|1|2024-04-28 00:12:51
4545000|0.2818|1|2024-04-28 00:12:51
4546000|0.1959|1|2024-04-28 00:12:51
4547000|1.3822|1|2024-04-28 00:12:51
4548000|15.7658|1|2024-04-28 00:12:51
4543000|17.3372|0|2024-04-28 00:12:56
4542000|3.9495|0|2024-04-28 00:12:56
4541000|5.2684|0|2024-04-28 00:12:56
4540000|19.2026|0|2024-04-28 00:12:56
4539000|9.9813|0|2024-04-28 00:12:56
4544000|1.6351|1|2024-04-28 00:12:56
4545000|0.2818|1|2024-04-28 00:12:56
4546000|0.1959|1|2024-04-28 00:12:56
4547000|1.3822|1|2024-04-28 00:12:56
4548000|15.7638|1|2024-04-28 00:12:56
4543000|17.3372|0|2024-04-28 00:13:01
4542000|3.9495|0|2024-04-28 00:13:01
4541000|5.2684|0|2024-04-28 00:13:01
4540000|19.2026|0|2024-04-28 00:13:01
4539000|9.9813|0|2024-04-28 00:13:01
4544000|0.6148|1|2024-04-28 00:13:01
4545000|0.2818|1|2024-04-28 00:13:01
4546000|0.1959|1|2024-04-28 00:13:01
4547000|1.3822|1|2024-04-28 00:13:01
4548000|15.7658|1|2024-04-28 00:13:01
4543000|13.7272|0|2024-04-28 00:13:06
4542000|4.3209|0|2024-04-28 00:13:06
4541000|7.61|0|2024-04-28 00:13:06
4540000|19.2026|0|2024-04-28 00:13:06
4539000|9.9813|0|2024-04-28 00:13:06
4544000|0.3714|1|2024-04-28 00:13:06
4545000|0.2818|1|2024-04-28 00:13:06
4546000|0.1959|1|2024-04-28 00:13:06
4547000|1.3822|1|2024-04-28 00:13:06
4548000|19.3738|1|2024-04-28 00:13:06
4544000|13.9111|0|2024-04-28 00:13:11
4543000|10.8095|0|2024-04-28 00:13:11
4542000|1.3395|0|2024-04-28 00:13:11
4541000|4.0|0|2024-04-28 00:13:11
4540000|19.2026|0|2024-04-28 00:13:11
4545000|0.2345|1|2024-04-28 00:13:11
4546000|0.1959|1|2024-04-28 00:13:11
4547000|1.3822|1|2024-04-28 00:13:11
4548000|0.7638|1|2024-04-28 00:13:11
4549000|15.5672|1|2024-04-28 00:13:11
4545000|15.5939|0|2024-04-28 00:13:16
4544000|9.3655|0|2024-04-28 00:13:16
4543000|9.4674|0|2024-04-28 00:13:16
4542000|16.3395|0|2024-04-28 00:13:16
4541000|4.0|0|2024-04-28 00:13:16
4546000|0.1959|1|2024-04-28 00:13:16
4547000|1.3822|1|2024-04-28 00:13:16
4548000|0.7638|1|2024-04-28 00:13:16
4550000|23.8516|1|2024-04-28 00:13:16
4551000|2.8222|1|2024-04-28 00:13:16
4545000|13.4369|0|2024-04-28 00:13:21
4544000|9.3655|0|2024-04-28 00:13:21
4543000|5.8574|0|2024-04-28 00:13:21
4542000|16.3395|0|2024-04-28 00:13:21
4541000|4.0|0|2024-04-28 00:13:21
4546000|0.0637|1|2024-04-28 00:13:21
4547000|1.3822|1|2024-04-28 00:13:21
4548000|0.7638|1|2024-04-28 00:13:21
4550000|23.8516|1|2024-04-28 00:13:21
4551000|2.8222|1|2024-04-28 00:13:21
4545000|13.4369|0|2024-04-28 00:13:26
4544000|9.3655|0|2024-04-28 00:13:26
4543000|5.8574|0|2024-04-28 00:13:26
4542000|16.3395|0|2024-04-28 00:13:26
4541000|4.0|0|2024-04-28 00:13:26
4546000|0.0637|1|2024-04-28 00:13:26
4547000|1.3822|1|2024-04-28 00:13:26
4548000|0.7638|1|2024-04-28 00:13:26
4550000|23.8516|1|2024-04-28 00:13:26
4551000|2.8222|1|2024-04-28 00:13:26
4545000|13.4369|0|2024-04-28 00:13:31
4544000|9.3655|0|2024-04-28 00:13:31
4543000|5.8574|0|2024-04-28 00:13:31
4542000|16.121|0|2024-04-28 00:13:31
4541000|4.0|0|2024-04-28 00:13:31
4546000|0.0637|1|2024-04-28 00:13:31
4547000|1.3822|1|2024-04-28 00:13:31
4548000|0.7638|1|2024-04-28 00:13:31
4550000|23.8496|1|2024-04-28 00:13:31
4551000|2.8202|1|2024-04-28 00:13:31
4545000|13.4369|0|2024-04-28 00:13:36
4544000|9.4095|0|2024-04-28 00:13:36
4543000|5.8574|0|2024-04-28 00:13:36
4542000|16.121|0|2024-04-28 00:13:36
4541000|4.0|0|2024-04-28 00:13:36
4546000|0.0637|1|2024-04-28 00:13:36
4547000|1.3822|1|2024-04-28 00:13:36
4548000|0.7638|1|2024-04-28 00:13:36
4550000|23.8516|1|2024-04-28 00:13:36
4551000|2.8222|1|2024-04-28 00:13:36
4545000|11.9826|0|2024-04-28 00:13:41
4544000|9.4095|0|2024-04-28 00:13:41
4543000|5.9014|0|2024-04-28 00:13:41
4542000|16.121|0|2024-04-28 00:13:41
4541000|4.0|0|2024-04-28 00:13:41
4546000|0.0637|1|2024-04-28 00:13:41
4547000|1.3822|1|2024-04-28 00:13:41
4548000|0.7638|1|2024-04-28 00:13:41
4550000|23.8496|1|2024-04-28 00:13:41
4551000|2.8202|1|2024-04-28 00:13:41
4545000|11.9826|0|2024-04-28 00:13:46
4544000|5.7995|0|2024-04-28 00:13:46
4543000|5.9014|0|2024-04-28 00:13:46
4542000|16.1651|0|2024-04-28 00:13:46
4541000|4.044|0|2024-04-28 00:13:46
4546000|0.0497|1|2024-04-28 00:13:46
4547000|1.3822|1|2024-04-28 00:13:46
4548000|0.7638|1|2024-04-28 00:13:46
4550000|20.2416|1|2024-04-28 00:13:46
4551000|2.8222|1|2024-04-28 00:13:46
4545000|8.4166|0|2024-04-28 00:13:51
4544000|0.044|0|2024-04-28 00:13:51
4543000|4.6335|0|2024-04-28 00:13:51
4542000|2.4332|0|2024-04-28 00:13:51
4541000|22.654|0|2024-04-28 00:13:51
4546000|0.0497|1|2024-04-28 00:13:51
4547000|1.3822|1|2024-04-28 00:13:51
4548000|0.7616|1|2024-04-28 00:13:51
4550000|20.2416|1|2024-04-28 00:13:51
4551000|5.8222|1|2024-04-28 00:13:51
4545000|4.7763|0|2024-04-28 00:13:56
4544000|1.1725|0|2024-04-28 00:13:56
4543000|7.0252|0|2024-04-28 00:13:56
4542000|3.0706|0|2024-04-28 00:13:56
4541000|7.654|0|2024-04-28 00:13:56
4546000|0.0497|1|2024-04-28 00:13:56
4547000|1.3822|1|2024-04-28 00:13:56
4548000|0.7616|1|2024-04-28 00:13:56
4550000|20.2416|1|2024-04-28 00:13:56
4551000|5.8222|1|2024-04-28 00:13:56
4545000|4.7763|0|2024-04-28 00:14:01
4544000|1.1725|0|2024-04-28 00:14:01
4543000|7.0252|0|2024-04-28 00:14:01
4542000|1.1651|0|2024-04-28 00:14:01
4541000|8.2958|0|2024-04-28 00:14:01
4546000|0.0497|1|2024-04-28 00:14:01
4547000|1.3822|1|2024-04-28 00:14:01
4548000|0.7616|1|2024-04-28 00:14:01
4550000|20.2416|1|2024-04-28 00:14:01
4551000|5.8222|1|2024-04-28 00:14:01
4545000|4.7763|0|2024-04-28 00:14:06
4544000|1.1725|0|2024-04-28 00:14:06
4543000|0.5928|0|2024-04-28 00:14:06
4542000|1.1651|0|2024-04-28 00:14:06
4541000|9.564|0|2024-04-28 00:14:06
4546000|0.0497|1|2024-04-28 00:14:06
4547000|1.3822|1|2024-04-28 00:14:06
4548000|15.7616|1|2024-04-28 00:14:06
4549000|1.9092|1|2024-04-28 00:14:06
4550000|5.2416|1|2024-04-28 00:14:06
4545000|4.7763|0|2024-04-28 00:14:11
4544000|0.044|0|2024-04-28 00:14:11
4543000|3.8221|0|2024-04-28 00:14:11
4542000|0.1651|0|2024-04-28 00:14:11
4541000|4.0483|0|2024-04-28 00:14:11
4547000|0.5116|1|2024-04-28 00:14:11
4548000|15.7616|1|2024-04-28 00:14:11
4549000|0.1021|1|2024-04-28 00:14:11
4550000|5.2416|1|2024-04-28 00:14:11
4551000|8.098|1|2024-04-28 00:14:11
4545000|4.7763|0|2024-04-28 00:14:16
4544000|0.044|0|2024-04-28 00:14:16
4543000|0.5928|0|2024-04-28 00:14:16
4542000|0.1651|0|2024-04-28 00:14:16
4541000|3.0483|0|2024-04-28 00:14:16
4547000|0.4183|1|2024-04-28 00:14:16
4548000|15.7616|1|2024-04-28 00:14:16
4549000|3.1021|1|2024-04-28 00:14:16
4550000|7.0735|1|2024-04-28 00:14:16
4551000|6.2622|1|2024-04-28 00:14:16
4545000|4.7763|0|2024-04-28 00:14:21
4544000|0.044|0|2024-04-28 00:14:21
4543000|1.7212|0|2024-04-28 00:14:21
4542000|0.1651|0|2024-04-28 00:14:21
4541000|6.2982|0|2024-04-28 00:14:21
4547000|0.3085|1|2024-04-28 00:14:21
4548000|15.7616|1|2024-04-28 00:14:21
4549000|3.1021|1|2024-04-28 00:14:21
4550000|7.0735|1|2024-04-28 00:14:21
4551000|6.2642|1|2024-04-28 00:14:21
4545000|4.7763|0|2024-04-28 00:14:26
4544000|0.044|0|2024-04-28 00:14:26
4543000|1.7212|0|2024-04-28 00:14:26
4542000|0.1651|0|2024-04-28 00:14:26
4541000|21.2982|0|2024-04-28 00:14:26
4547000|0.3085|1|2024-04-28 00:14:26
4548000|0.7616|1|2024-04-28 00:14:26
4549000|18.0|1|2024-04-28 00:14:26
4550000|5.2396|1|2024-04-28 00:14:26
4551000|8.096|1|2024-04-28 00:14:26
4545000|4.7444|0|2024-04-28 00:14:31
4544000|0.044|0|2024-04-28 00:14:31
4543000|1.721|0|2024-04-28 00:14:31
4542000|0.1651|0|2024-04-28 00:14:31
4541000|21.1939|0|2024-04-28 00:14:31
4547000|0.3085|1|2024-04-28 00:14:31
4548000|0.7616|1|2024-04-28 00:14:31
4549000|18.0|1|2024-04-28 00:14:31
4550000|7.1757|1|2024-04-28 00:14:31
4551000|6.2642|1|2024-04-28 00:14:31
4545000|4.7444|0|2024-04-28 00:14:36
4544000|0.044|0|2024-04-28 00:14:36
4543000|1.7213|0|2024-04-28 00:14:36
4542000|0.1651|0|2024-04-28 00:14:36
4541000|21.1793|0|2024-04-28 00:14:36
4547000|0.3085|1|2024-04-28 00:14:36
4548000|0.7616|1|2024-04-28 00:14:36
4549000|18.0|1|2024-04-28 00:14:36
4550000|7.1757|1|2024-04-28 00:14:36
4551000|6.2622|1|2024-04-28 00:14:36
4545000|4.7444|0|2024-04-28 00:14:41
4544000|0.044|0|2024-04-28 00:14:41
4543000|1.7213|0|2024-04-28 00:14:41
4542000|0.1651|0|2024-04-28 00:14:41
4541000|21.1793|0|2024-04-28 00:14:41
4547000|0.2515|1|2024-04-28 00:14:41
4548000|0.7616|1|2024-04-28 00:14:41
4549000|18.0|1|2024-04-28 00:14:41
4550000|5.9069|1|2024-04-28 00:14:41
4551000|96.4839|1|2024-04-28 00:14:41
4545000|4.7444|0|2024-04-28 00:14:46
4544000|0.044|0|2024-04-28 00:14:46
4543000|1.7213|0|2024-04-28 00:14:46
4542000|0.1651|0|2024-04-28 00:14:46
4541000|21.1793|0|2024-04-28 00:14:46
4547000|0.2132|1|2024-04-28 00:14:46
4548000|0.7616|1|2024-04-28 00:14:46
4549000|18.0|1|2024-04-28 00:14:46
4550000|5.3417|1|2024-04-28 00:14:46
4551000|96.4839|1|2024-04-28 00:14:46
4545000|4.7444|0|2024-04-28 00:14:51
4544000|0.044|0|2024-04-28 00:14:51
4543000|1.7213|0|2024-04-28 00:14:51
4542000|0.1651|0|2024-04-28 00:14:51
4541000|21.1793|0|2024-04-28 00:14:51
4547000|0.1721|1|2024-04-28 00:14:51
4548000|0.7664|1|2024-04-28 00:14:51
4549000|19.269|1|2024-04-28 00:14:51
4550000|5.9069|1|2024-04-28 00:14:51
4551000|96.4839|1|2024-04-28 00:14:51
4545000|4.7421|0|2024-04-28 00:14:56
4544000|0.044|0|2024-04-28 00:14:56
4543000|1.7213|0|2024-04-28 00:14:56
4542000|0.1651|0|2024-04-28 00:14:56
4541000|21.1793|0|2024-04-28 00:14:56
4547000|0.1721|1|2024-04-28 00:14:56
4548000|0.7664|1|2024-04-28 00:14:56
4549000|19.269|1|2024-04-28 00:14:56
4550000|5.9069|1|2024-04-28 00:14:56
4551000|96.4839|1|2024-04-28 00:14:56
4545000|4.7421|0|2024-04-28 00:15:01
4544000|0.044|0|2024-04-28 00:15:01
4543000|1.7213|0|2024-04-28 00:15:01
4542000|0.1651|0|2024-04-28 00:15:01
4541000|21.1793|0|2024-04-28 00:15:01
4547000|0.1721|1|2024-04-28 00:15:01
4548000|0.7664|1|2024-04-28 00:15:01
4549000|19.269|1|2024-04-28 00:15:01
4550000|9.5169|1|2024-04-28 00:15:01
4551000|97.4839|1|2024-04-28 00:15:01
4544000|0.044|0|2024-04-28 00:15:06
4543000|0.5928|0|2024-04-28 00:15:06
4542000|0.1651|0|2024-04-28 00:15:06
4541000|15.044|0|2024-04-28 00:15:06
4540000|7.2944|0|2024-04-28 00:15:06
4545000|3.5228|1|2024-04-28 00:15:06
4546000|1.8195|1|2024-04-28 00:15:06
4547000|3.1721|1|2024-04-28 00:15:06
4548000|2.1378|1|2024-04-28 00:15:06
4549000|18.0|1|2024-04-28 00:15:06
4543000|0.4983|0|2024-04-28 00:15:11
4542000|0.1651|0|2024-04-28 00:15:11
4541000|0.044|0|2024-04-28 00:15:11
4540000|21.2944|0|2024-04-28 00:15:11
4539000|4.5534|0|2024-04-28 00:15:11
4545000|3.995|1|2024-04-28 00:15:11
4546000|1.8195|1|2024-04-28 00:15:11
4547000|3.6704|1|2024-04-28 00:15:11
4548000|0.8685|1|2024-04-28 00:15:11
4549000|108.2197|1|2024-04-28 00:15:11
4543000|0.4983|0|2024-04-28 00:15:16
4542000|0.1651|0|2024-04-28 00:15:16
4541000|1.2013|0|2024-04-28 00:15:16
4540000|21.2944|0|2024-04-28 00:15:16
4539000|4.5754|0|2024-04-28 00:15:16
4545000|3.9485|1|2024-04-28 00:15:16
4546000|1.8195|1|2024-04-28 00:15:16
4547000|3.4983|1|2024-04-28 00:15:16
4548000|0.1068|1|2024-04-28 00:15:16
4549000|111.8297|1|2024-04-28 00:15:16
4543000|0.4983|0|2024-04-28 00:15:21
4542000|0.1651|0|2024-04-28 00:15:21
4541000|1.2013|0|2024-04-28 00:15:21
4540000|15.2466|0|2024-04-28 00:15:21
4539000|6.2366|0|2024-04-28 00:15:21
4545000|3.9485|1|2024-04-28 00:15:21
4546000|1.8195|1|2024-04-28 00:15:21
4547000|3.0|1|2024-04-28 00:15:21
4548000|0.1068|1|2024-04-28 00:15:21
4549000|108.2197|1|2024-04-28 00:15:21
4543000|0.2751|0|2024-04-28 00:15:26
4542000|0.1651|0|2024-04-28 00:15:26
4541000|1.2013|0|2024-04-28 00:15:26
4540000|15.2466|0|2024-04-28 00:15:26
4539000|7.654|0|2024-04-28 00:15:26
4545000|4.4154|1|2024-04-28 00:15:26
4546000|1.8195|1|2024-04-28 00:15:26
4547000|7.8113|1|2024-04-28 00:15:26
4548000|90.3265|1|2024-04-28 00:15:26
4549000|21.61|1|2024-04-28 00:15:26
4542000|0.1651|0|2024-04-28 00:15:31
4541000|0.044|0|2024-04-28 00:15:31
4540000|0.2466|0|2024-04-28 00:15:31
4539000|18.044|0|2024-04-28 00:15:31
4538000|7.0281|0|2024-04-28 00:15:31
4543000|0.0277|1|2024-04-28 00:15:31
4544000|0.2334|1|2024-04-28 00:15:31
4545000|3.5054|1|2024-04-28 00:15:31
4546000|1.8195|1|2024-04-28 00:15:31
4547000|18.5652|1|2024-04-28 00:15:31
4542000|0.1651|0|2024-04-28 00:15:36
4541000|0.044|0|2024-04-28 00:15:36
4540000|0.2466|0|2024-04-28 00:15:36
4539000|18.044|0|2024-04-28 00:15:36
4538000|10.6381|0|2024-04-28 00:15:36
4543000|4.105|1|2024-04-28 00:15:36
4544000|2.0391|1|2024-04-28 00:15:36
4545000|0.6727|1|2024-04-28 00:15:36
4546000|3.7121|1|2024-04-28 00:15:36
4547000|18.5652|1|2024-04-28 00:15:36
4540000|0.2466|0|2024-04-28 00:15:41
4539000|0.044|0|2024-04-28 00:15:41
4538000|15.0|0|2024-04-28 00:15:41
4537000|4.044|0|2024-04-28 00:15:41
4536000|11.296|0|2024-04-28 00:15:41
4541000|0.0404|1|2024-04-28 00:15:41
4542000|3.8037|1|2024-04-28 00:15:41
4543000|0.2334|1|2024-04-28 00:15:41
4544000|2.1412|1|2024-04-28 00:15:41
4545000|3.4668|1|2024-04-28 00:15:41
4540000|0.2466|0|2024-04-28 00:15:46
4539000|0.044|0|2024-04-28 00:15:46
4537000|18.044|0|2024-04-28 00:15:46
4536000|10.979|0|2024-04-28 00:15:46
4535000|4.0441|0|2024-04-28 00:15:46
4542000|7.8038|1|2024-04-28 00:15:46
4543000|0.2334|1|2024-04-28 00:15:46
4544000|1.9078|1|2024-04-28 00:15:46
4545000|21.61|1|2024-04-28 00:15:46
4546000|93.7849|1|2024-04-28 00:15:46
4540000|0.2466|0|2024-04-28 00:15:51
4539000|0.044|0|2024-04-28 00:15:51
4538000|3.61|0|2024-04-28 00:15:51
4537000|21.654|0|2024-04-28 00:15:51
4536000|7.1692|0|2024-04-28 00:15:51
4541000|1.0111|1|2024-04-28 00:15:51
4542000|7.8038|1|2024-04-28 00:15:51
4543000|0.2334|1|2024-04-28 00:15:51
4544000|1.3726|1|2024-04-28 00:15:51
4545000|25.22|1|2024-04-28 00:15:51
4540000|0.2466|0|2024-04-28 00:15:56
4539000|0.044|0|2024-04-28 00:15:56
4537000|18.044|0|2024-04-28 00:15:56
4536000|10.7792|0|2024-04-28 00:15:56
4535000|4.3138|0|2024-04-28 00:15:56
4541000|8.7556|1|2024-04-28 00:15:56
4543000|0.2334|1|2024-04-28 00:15:56
4544000|1.3726|1|2024-04-28 00:15:56
4545000|18.0|1|2024-04-28 00:15:56
4546000|93.7849|1|2024-04-28 00:15:56
4540000|0.2466|0|2024-04-28 00:16:01
4539000|0.044|0|2024-04-28 00:16:01
4537000|21.654|0|2024-04-28 00:16:01
4536000|10.7792|0|2024-04-28 00:16:01
4535000|4.0441|0|2024-04-28 00:16:01
4541000|8.2838|1|2024-04-28 00:16:01
4543000|0.2334|1|2024-04-28 00:16:01
4544000|1.3726|1|2024-04-28 00:16:01
4545000|21.61|1|2024-04-28 00:16:01
4546000|93.7849|1|2024-04-28 00:16:01
4540000|0.2466|0|2024-04-28 00:16:06
4539000|0.044|0|2024-04-28 00:16:06
4537000|21.654|0|2024-04-28 00:16:06
4536000|10.7792|0|2024-04-28 00:16:06
4535000|4.3138|0|2024-04-28 00:16:06
4541000|6.5345|1|2024-04-28 00:16:06
4543000|2.0417|1|2024-04-28 00:16:06
4544000|0.1304|1|2024-04-28 00:16:06
4545000|21.61|1|2024-04-28 00:16:06
4546000|93.7849|1|2024-04-28 00:16:06
4540000|0.2466|0|2024-04-28 00:16:11
4539000|0.044|0|2024-04-28 00:16:11
4537000|18.044|0|2024-04-28 00:16:11
4536000|7.1692|0|2024-04-28 00:16:11
4535000|7.9238|0|2024-04-28 00:16:11
4541000|5.4617|1|2024-04-28 00:16:11
4544000|1.9339|1|2024-04-28 00:16:11
4545000|19.2704|1|2024-04-28 00:16:11
4546000|93.7849|1|2024-04-28 00:16:11
4547000|4.4294|1|2024-04-28 00:16:11
4540000|0.2466|0|2024-04-28 00:16:16
4539000|0.044|0|2024-04-28 00:16:16
4538000|4.3121|0|2024-04-28 00:16:16
4537000|19.044|0|2024-04-28 00:16:16
4536000|10.7792|0|2024-04-28 00:16:16
4541000|5.4617|1|2024-04-28 00:16:16
4544000|1.9339|1|2024-04-28 00:16:16
4546000|3.0|1|2024-04-28 00:16:16
4547000|18.9946|1|2024-04-28 00:16:16
4548000|0.0047|1|2024-04-28 00:16:16
4540000|2.0683|0|2024-04-28 00:16:21
4539000|19.044|0|2024-04-28 00:16:21
4538000|4.0|0|2024-04-28 00:16:21
4537000|8.9235|0|2024-04-28 00:16:21
4536000|8.0977|0|2024-04-28 00:16:21
4544000|0.0283|1|2024-04-28 00:16:21
4547000|4.5459|1|2024-04-28 00:16:21
4548000|1.2741|1|2024-04-28 00:16:21
4549000|108.6509|1|2024-04-28 00:16:21
4550000|9.6832|1|2024-04-28 00:16:21
4541000|1.8217|0|2024-04-28 00:16:26
4540000|0.2466|0|2024-04-28 00:16:26
4539000|25.9292|0|2024-04-28 00:16:26
4538000|7.61|0|2024-04-28 00:16:26
4537000|5.3135|0|2024-04-28 00:16:26
4544000|0.0283|1|2024-04-28 00:16:26
4547000|4.5464|1|2024-04-28 00:16:26
4548000|1.8393|1|2024-04-28 00:16:26
4549000|112.2609|1|2024-04-28 00:16:26
4550000|9.6832|1|2024-04-28 00:16:26
4541000|1.8217|0|2024-04-28 00:16:31
4540000|0.2466|0|2024-04-28 00:16:31
4539000|25.9292|0|2024-04-28 00:16:31
4538000|7.61|0|2024-04-28 00:16:31
4537000|5.3135|0|2024-04-28 00:16:31
4544000|0.0283|1|2024-04-28 00:16:31
4547000|4.5464|1|2024-04-28 00:16:31
4548000|1.8393|1|2024-04-28 00:16:31
4549000|108.6509|1|2024-04-28 00:16:31
4550000|9.6812|1|2024-04-28 00:16:31
4541000|1.8217|0|2024-04-28 00:16:36
4540000|0.2466|0|2024-04-28 00:16:36
4539000|25.9292|0|2024-04-28 00:16:36
4538000|7.61|0|2024-04-28 00:16:36
4537000|5.3135|0|2024-04-28 00:16:36
4544000|0.0283|1|2024-04-28 00:16:36
4547000|4.5464|1|2024-04-28 00:16:36
4548000|1.8393|1|2024-04-28 00:16:36
4549000|108.6509|1|2024-04-28 00:16:36
4550000|9.6832|1|2024-04-28 00:16:36
4542000|6.2441|0|2024-04-28 00:16:41
4541000|3.61|0|2024-04-28 00:16:41
4540000|3.8566|0|2024-04-28 00:16:41
4539000|22.3192|0|2024-04-28 00:16:41
4538000|10.8092|0|2024-04-28 00:16:41
4544000|0.0283|1|2024-04-28 00:16:41
4547000|3.0|1|2024-04-28 00:16:41
4548000|5.7259|1|2024-04-28 00:16:41
4549000|109.4889|1|2024-04-28 00:16:41
4550000|13.2912|1|2024-04-28 00:16:41
4542000|9.8541|0|2024-04-28 00:16:46
4541000|3.61|0|2024-04-28 00:16:46
4540000|0.2466|0|2024-04-28 00:16:46
4539000|22.3192|0|2024-04-28 00:16:46
4538000|9.54|0|2024-04-28 00:16:46
4544000|0.0022|1|2024-04-28 00:16:46
4547000|4.5457|1|2024-04-28 00:16:46
4548000|5.4493|1|2024-04-28 00:16:46
4549000|108.2197|1|2024-04-28 00:16:46
4550000|13.2932|1|2024-04-28 00:16:46
4542000|9.8541|0|2024-04-28 00:16:51
4541000|3.61|0|2024-04-28 00:16:51
4540000|0.2466|0|2024-04-28 00:16:51
4539000|22.3192|0|2024-04-28 00:16:51
4538000|9.54|0|2024-04-28 00:16:51
4544000|0.0022|1|2024-04-28 00:16:51
4547000|4.5457|1|2024-04-28 00:16:51
4548000|5.4493|1|2024-04-28 00:16:51
4549000|108.2197|1|2024-04-28 00:16:51
4550000|13.2912|1|2024-04-28 00:16:51
4542000|8.0324|0|2024-04-28 00:16:56
4541000|3.61|0|2024-04-28 00:16:56
4540000|3.4838|0|2024-04-28 00:16:56
4539000|19.044|0|2024-04-28 00:16:56
4538000|9.54|0|2024-04-28 00:16:56
4544000|0.0022|1|2024-04-28 00:16:56
4547000|4.5457|1|2024-04-28 00:16:56
4548000|5.4493|1|2024-04-28 00:16:56
4549000|108.2197|1|2024-04-28 00:16:56
4550000|13.2912|1|2024-04-28 00:16:56
4543000|8.0324|0|2024-04-28 00:17:01
4541000|3.61|0|2024-04-28 00:17:01
4540000|3.4838|0|2024-04-28 00:17:01
4539000|19.044|0|2024-04-28 00:17:01
4538000|15.5272|0|2024-04-28 00:17:01
4547000|4.8218|1|2024-04-28 00:17:01
4548000|4.282|1|2024-04-28 00:17:01
4549000|108.2197|1|2024-04-28 00:17:01
4550000|12.8516|1|2024-04-28 00:17:01
4551000|3.2708|1|2024-04-28 00:17:01
4543000|8.0132|0|2024-04-28 00:17:06
4541000|3.61|0|2024-04-28 00:17:06
4540000|6.4838|0|2024-04-28 00:17:06
4539000|19.044|0|2024-04-28 00:17:06
4538000|16.7964|0|2024-04-28 00:17:06
4547000|3.0|1|2024-04-28 00:17:06
4548000|1.9286|1|2024-04-28 00:17:06
4549000|110.0541|1|2024-04-28 00:17:06
4550000|9.2416|1|2024-04-28 00:17:06
4551000|3.2708|1|2024-04-28 00:17:06
4544000|8.0324|0|2024-04-28 00:17:11
4543000|3.61|0|2024-04-28 00:17:11
4541000|15.0|0|2024-04-28 00:17:11
4540000|12.0238|0|2024-04-28 00:17:11
4539000|4.044|0|2024-04-28 00:17:11
4547000|3.0|1|2024-04-28 00:17:11
4548000|1.8265|1|2024-04-28 00:17:11
4549000|113.7662|1|2024-04-28 00:17:11
4550000|9.2416|1|2024-04-28 00:17:11
4551000|6.8808|1|2024-04-28 00:17:11
4544000|8.0324|0|2024-04-28 00:17:16
4543000|3.61|0|2024-04-28 00:17:16
4541000|15.0|0|2024-04-28 00:17:16
4540000|12.0238|0|2024-04-28 00:17:16
4539000|4.044|0|2024-04-28 00:17:16
4547000|2.8427|1|2024-04-28 00:17:16
4548000|1.8265|1|2024-04-28 00:17:16
4549000|113.7662|1|2024-04-28 00:17:16
4550000|9.2396|1|2024-04-28 00:17:16
4551000|6.8788|1|2024-04-28 00:17:16
4544000|8.0324|0|2024-04-28 00:17:21
4543000|3.61|0|2024-04-28 00:17:21
4541000|15.0|0|2024-04-28 00:17:21
4540000|12.0238|0|2024-04-28 00:17:21
4539000|4.044|0|2024-04-28 00:17:21
4547000|2.8427|1|2024-04-28 00:17:21
4548000|1.8265|1|2024-04-28 00:17:21
4549000|113.7662|1|2024-04-28 00:17:21
4550000|9.2396|1|2024-04-28 00:17:21
4551000|6.8808|1|2024-04-28 00:17:21
4544000|8.0324|0|2024-04-28 00:17:26
4543000|3.61|0|2024-04-28 00:17:26
4541000|15.0|0|2024-04-28 00:17:26
4540000|12.0238|0|2024-04-28 00:17:26
4539000|4.8668|0|2024-04-28 00:17:26
4547000|2.8679|1|2024-04-28 00:17:26
4548000|1.8265|1|2024-04-28 00:17:26
4549000|113.201|1|2024-04-28 00:17:26
4550000|9.749|1|2024-04-28 00:17:26
4551000|6.8788|1|2024-04-28 00:17:26
4544000|8.0324|0|2024-04-28 00:17:31
4543000|3.61|0|2024-04-28 00:17:31
4541000|18.0757|0|2024-04-28 00:17:31
4540000|10.0211|0|2024-04-28 00:17:31
4539000|4.044|0|2024-04-28 00:17:31
4547000|0.0252|1|2024-04-28 00:17:31
4548000|1.8265|1|2024-04-28 00:17:31
4549000|22.9812|1|2024-04-28 00:17:31
4550000|99.0245|1|2024-04-28 00:17:31
4551000|7.4322|1|2024-04-28 00:17:31
4544000|8.0324|0|2024-04-28 00:17:36
4543000|3.61|0|2024-04-28 00:17:36
4541000|18.0757|0|2024-04-28 00:17:36
4540000|10.0211|0|2024-04-28 00:17:36
4539000|5.313|0|2024-04-28 00:17:36
4547000|0.0186|1|2024-04-28 00:17:36
4548000|5.4365|1|2024-04-28 00:17:36
4549000|18.1021|1|2024-04-28 00:17:36
4550000|100.2365|1|2024-04-28 00:17:36
4551000|7.4322|1|2024-04-28 00:17:36
4544000|7.9575|0|2024-04-28 00:17:41
4543000|3.61|0|2024-04-28 00:17:41
4541000|18.0757|0|2024-04-28 00:17:41
4540000|9.7866|0|2024-04-28 00:17:41
4539000|6.1359|0|2024-04-28 00:17:41
4547000|0.0186|1|2024-04-28 00:17:41
4548000|5.4365|1|2024-04-28 00:17:41
4549000|19.3711|1|2024-04-28 00:17:41
4550000|99.0245|1|2024-04-28 00:17:41
4551000|7.4322|1|2024-04-28 00:17:41
4544000|7.9575|0|2024-04-28 00:17:46
4543000|3.61|0|2024-04-28 00:17:46
4541000|7.0757|0|2024-04-28 00:17:46
4540000|9.7866|0|2024-04-28 00:17:46
4539000|5.3039|0|2024-04-28 00:17:46
4547000|0.0186|1|2024-04-28 00:17:46
4548000|0.0047|1|2024-04-28 00:17:46
4549000|4.9239|1|2024-04-28 00:17:46
4550000|11.8496|1|2024-04-28 00:17:46
4551000|111.6071|1|2024-04-28 00:17:46
4544000|7.9575|0|2024-04-28 00:17:51
4543000|3.61|0|2024-04-28 00:17:51
4541000|22.0757|0|2024-04-28 00:17:51
4540000|9.7866|0|2024-04-28 00:17:51
4539000|6.5728|0|2024-04-28 00:17:51
4547000|0.0186|1|2024-04-28 00:17:51
4548000|0.0047|1|2024-04-28 00:17:51
4549000|8.5339|1|2024-04-28 00:17:51
4550000|9.5085|1|2024-04-28 00:17:51
4551000|115.2171|1|2024-04-28 00:17:51
4544000|7.9575|0|2024-04-28 00:17:56
4543000|3.61|0|2024-04-28 00:17:56
4541000|22.0757|0|2024-04-28 00:17:56
4540000|9.7866|0|2024-04-28 00:17:56
4539000|5.75|0|2024-04-28 00:17:56
4547000|0.0186|1|2024-04-28 00:17:56
4548000|0.0047|1|2024-04-28 00:17:56
4549000|8.5339|1|2024-04-28 00:17:56
4550000|10.0737|1|2024-04-28 00:17:56
4551000|114.6519|1|2024-04-28 00:17:56
4547000|6.4379|0|2024-04-28 00:18:01
4544000|4.7003|0|2024-04-28 00:18:01
4543000|3.61|0|2024-04-28 00:18:01
4541000|22.0757|0|2024-04-28 00:18:01
4540000|10.2216|0|2024-04-28 00:18:01
4548000|0.0047|1|2024-04-28 00:18:01
4549000|8.4318|1|2024-04-28 00:18:01
4550000|10.1758|1|2024-04-28 00:18:01
4551000|114.6499|1|2024-04-28 00:18:01
4552000|1.06|1|2024-04-28 00:18:01
4547000|6.3961|0|2024-04-28 00:18:06
4545000|1.0904|0|2024-04-28 00:18:06
4544000|3.61|0|2024-04-28 00:18:06
4543000|3.61|0|2024-04-28 00:18:06
4541000|22.0757|0|2024-04-28 00:18:06
4548000|0.0047|1|2024-04-28 00:18:06
4549000|8.4318|1|2024-04-28 00:18:06
4550000|10.1758|1|2024-04-28 00:18:06
4551000|114.6519|1|2024-04-28 00:18:06
4552000|1.06|1|2024-04-28 00:18:06
4547000|4.8094|0|2024-04-28 00:18:11
4544000|1.0937|0|2024-04-28 00:18:11
4543000|3.61|0|2024-04-28 00:18:11
4542000|3.61|0|2024-04-28 00:18:11
4541000|22.0757|0|2024-04-28 00:18:11
4548000|3.6367|1|2024-04-28 00:18:11
4549000|6.0909|1|2024-04-28 00:18:11
4550000|8.9069|1|2024-04-28 00:18:11
4551000|114.6499|1|2024-04-28 00:18:11
4552000|1.058|1|2024-04-28 00:18:11
4547000|4.7101|0|2024-04-28 00:18:16
4544000|18.61|0|2024-04-28 00:18:16
4542000|3.61|0|2024-04-28 00:18:16
4541000|7.0757|0|2024-04-28 00:18:16
4540000|10.2216|0|2024-04-28 00:18:16
4548000|0.0267|1|2024-04-28 00:18:16
4549000|8.4318|1|2024-04-28 00:18:16
4550000|13.6838|1|2024-04-28 00:18:16
4551000|111.142|1|2024-04-28 00:18:16
4552000|1.06|1|2024-04-28 00:18:16
4547000|4.7101|0|2024-04-28 00:18:21
4544000|18.61|0|2024-04-28 00:18:21
4543000|3.61|0|2024-04-28 00:18:21
4541000|7.0757|0|2024-04-28 00:18:21
4540000|10.2216|0|2024-04-28 00:18:21
4548000|0.0267|1|2024-04-28 00:18:21
4549000|4.8218|1|2024-04-28 00:18:21
4550000|8.2396|1|2024-04-28 00:18:21
4551000|100.3172|1|2024-04-28 00:18:21
4552000|19.668|1|2024-04-28 00:18:21
4546000|3.61|0|2024-04-28 00:18:26
4544000|15.0|0|2024-04-28 00:18:26
4543000|3.61|0|2024-04-28 00:18:26
4541000|12.6157|0|2024-04-28 00:18:26
4540000|10.2216|0|2024-04-28 00:18:26
4548000|0.0219|1|2024-04-28 00:18:26
4549000|3.0|1|2024-04-28 00:18:26
4550000|11.8496|1|2024-04-28 00:18:26
4551000|96.7072|1|2024-04-28 00:18:26
4552000|19.67|1|2024-04-28 00:18:26
4546000|4.0284|0|2024-04-28 00:18:31
4544000|15.0|0|2024-04-28 00:18:31
4543000|3.61|0|2024-04-28 00:18:31
4542000|2.9753|0|2024-04-28 00:18:31
4541000|9.54|0|2024-04-28 00:18:31
4548000|0.0159|1|2024-04-28 00:18:31
4549000|3.0|1|2024-04-28 00:18:31
4550000|13.1184|1|2024-04-28 00:18:31
4551000|96.7072|1|2024-04-28 00:18:31
4552000|19.67|1|2024-04-28 00:18:31
4546000|4.0284|0|2024-04-28 00:18:36
4545000|4.6884|0|2024-04-28 00:18:36
4544000|15.0|0|2024-04-28 00:18:36
4543000|3.61|0|2024-04-28 00:18:36
4542000|2.9753|0|2024-04-28 00:18:36
4548000|0.0147|1|2024-04-28 00:18:36
4549000|3.0|1|2024-04-28 00:18:36
4550000|11.8496|1|2024-04-28 00:18:36
4551000|97.9759|1|2024-04-28 00:18:36
4552000|19.67|1|2024-04-28 00:18:36
4546000|4.0284|0|2024-04-28 00:18:41
4545000|4.6878|0|2024-04-28 00:18:41
4544000|18.61|0|2024-04-28 00:18:41
4543000|2.9549|0|2024-04-28 00:18:41
4542000|8.54|0|2024-04-28 00:18:41
4548000|0.0147|1|2024-04-28 00:18:41
4550000|8.2396|1|2024-04-28 00:18:41
4551000|97.4107|1|2024-04-28 00:18:41
4552000|22.2352|1|2024-04-28 00:18:41
4553000|1.5348|1|2024-04-28 00:18:41
4546000|7.6384|0|2024-04-28 00:18:46
4544000|18.61|0|2024-04-28 00:18:46
4543000|2.9549|0|2024-04-28 00:18:46
4542000|8.54|0|2024-04-28 00:18:46
4541000|9.54|0|2024-04-28 00:18:46
4548000|0.0147|1|2024-04-28 00:18:46
4550000|8.2396|1|2024-04-28 00:18:46
4551000|101.0207|1|2024-04-28 00:18:46
4552000|18.6252|1|2024-04-28 00:18:46
4553000|5.1448|1|2024-04-28 00:18:46
4546000|7.6239|0|2024-04-28 00:18:51
4544000|18.61|0|2024-04-28 00:18:51
4543000|2.9549|0|2024-04-28 00:18:51
4542000|8.54|0|2024-04-28 00:18:51
4541000|9.54|0|2024-04-28 00:18:51
4548000|0.0136|1|2024-04-28 00:18:51
4550000|8.2396|1|2024-04-28 00:18:51
4551000|101.0207|1|2024-04-28 00:18:51
4552000|18.6252|1|2024-04-28 00:18:51
4553000|5.1448|1|2024-04-28 00:18:51
4546000|7.622|0|2024-04-28 00:18:56
4544000|18.61|0|2024-04-28 00:18:56
4543000|2.9549|0|2024-04-28 00:18:56
4542000|8.54|0|2024-04-28 00:18:56
4541000|9.54|0|2024-04-28 00:18:56
4548000|0.0136|1|2024-04-28 00:18:56
4550000|8.2396|1|2024-04-28 00:18:56
4551000|101.0207|1|2024-04-28 00:18:56
4552000|18.6252|1|2024-04-28 00:18:56
4553000|5.1448|1|2024-04-28 00:18:56
4546000|7.622|0|2024-04-28 00:19:01
4544000|18.61|0|2024-04-28 00:19:01
4543000|2.9549|0|2024-04-28 00:19:01
4542000|8.54|0|2024-04-28 00:19:01
4541000|9.54|0|2024-04-28 00:19:01
4548000|0.0136|1|2024-04-28 00:19:01
4550000|12.5552|1|2024-04-28 00:19:01
4551000|97.4107|1|2024-04-28 00:19:01
4552000|18.6252|1|2024-04-28 00:19:01
4553000|5.1448|1|2024-04-28 00:19:01
4546000|7.622|0|2024-04-28 00:19:06
4544000|18.61|0|2024-04-28 00:19:06
4543000|2.9549|0|2024-04-28 00:19:06
4542000|8.54|0|2024-04-28 00:19:06
4541000|9.54|0|2024-04-28 00:19:06
4548000|0.0136|1|2024-04-28 00:19:06
4550000|12.5552|1|2024-04-28 00:19:06
4551000|97.4107|1|2024-04-28 00:19:06
4552000|18.6232|1|2024-04-28 00:19:06
4553000|5.1428|1|2024-04-28 00:19:06
4546000|7.622|0|2024-04-28 00:19:11
4544000|18.61|0|2024-04-28 00:19:11
4543000|2.9549|0|2024-04-28 00:19:11
4542000|8.54|0|2024-04-28 00:19:11
4541000|9.54|0|2024-04-28 00:19:11
4547000|0.0022|1|2024-04-28 00:19:11
4548000|0.0136|1|2024-04-28 00:19:11
4549000|1.8046|1|2024-04-28 00:19:11
4550000|13.8239|1|2024-04-28 00:19:11
4551000|96.142|1|2024-04-28 00:19:11
4546000|7.622|0|2024-04-28 00:19:16
4544000|3.61|0|2024-04-28 00:19:16
4543000|17.9549|0|2024-04-28 00:19:16
4542000|8.54|0|2024-04-28 00:19:16
4541000|9.54|0|2024-04-28 00:19:16
4547000|0.0022|1|2024-04-28 00:19:16
4548000|0.0136|1|2024-04-28 00:19:16
4549000|1.8046|1|2024-04-28 00:19:16
4550000|13.8239|1|2024-04-28 00:19:16
4551000|96.142|1|2024-04-28 00:19:16
4546000|4.012|0|2024-04-28 00:19:21
4545000|3.61|0|2024-04-28 00:19:21
4544000|3.61|0|2024-04-28 00:19:21
4543000|17.9549|0|2024-04-28 00:19:21
4542000|8.54|0|2024-04-28 00:19:21
4547000|0.0022|1|2024-04-28 00:19:21
4548000|0.0136|1|2024-04-28 00:19:21
4549000|5.4146|1|2024-04-28 00:19:21
4550000|10.2139|1|2024-04-28 00:19:21
4551000|96.142|1|2024-04-28 00:19:21
4546000|3.9842|0|2024-04-28 00:19:26
4545000|3.61|0|2024-04-28 00:19:26
4544000|3.61|0|2024-04-28 00:19:26
4543000|17.9549|0|2024-04-28 00:19:26
4542000|8.54|0|2024-04-28 00:19:26
4547000|0.0022|1|2024-04-28 00:19:26
4548000|0.0136|1|2024-04-28 00:19:26
4549000|1.8046|1|2024-04-28 00:19:26
4550000|13.8239|1|2024-04-28 00:19:26
4551000|96.142|1|2024-04-28 00:19:26
4546000|3.9842|0|2024-04-28 00:19:31
4545000|3.61|0|2024-04-28 00:19:31
4544000|3.61|0|2024-04-28 00:19:31
4543000|17.9549|0|2024-04-28 00:19:31
4542000|8.54|0|2024-04-28 00:19:31
4547000|0.0022|1|2024-04-28 00:19:31
4548000|0.0136|1|2024-04-28 00:19:31
4549000|1.8046|1|2024-04-28 00:19:31
4550000|13.8239|1|2024-04-28 00:19:31
4551000|96.142|1|2024-04-28 00:19:31
4546000|3.9842|0|2024-04-28 00:19:36
4545000|3.61|0|2024-04-28 00:19:36
4544000|3.61|0|2024-04-28 00:19:36
4543000|17.9549|0|2024-04-28 00:19:36
4542000|8.54|0|2024-04-28 00:19:36
4547000|0.0022|1|2024-04-28 00:19:36
4548000|0.0136|1|2024-04-28 00:19:36
4549000|5.4146|1|2024-04-28 00:19:36
4550000|8.9452|1|2024-04-28 00:19:36
4551000|96.142|1|2024-04-28 00:19:36
4546000|3.9632|0|2024-04-28 00:19:41
4545000|3.61|0|2024-04-28 00:19:41
4544000|3.61|0|2024-04-28 00:19:41
4543000|17.9549|0|2024-04-28 00:19:41
4542000|8.54|0|2024-04-28 00:19:41
4547000|0.0022|1|2024-04-28 00:19:41
4548000|0.0136|1|2024-04-28 00:19:41
4549000|1.8046|1|2024-04-28 00:19:41
4550000|8.9452|1|2024-04-28 00:19:41
4551000|101.0206|1|2024-04-28 00:19:41
4546000|3.9632|0|2024-04-28 00:19:46
4545000|3.61|0|2024-04-28 00:19:46
4544000|3.61|0|2024-04-28 00:19:46
4543000|17.9549|0|2024-04-28 00:19:46
4542000|8.54|0|2024-04-28 00:19:46
4547000|0.0022|1|2024-04-28 00:19:46
4548000|0.0136|1|2024-04-28 00:19:46
4549000|1.8046|1|2024-04-28 00:19:46
4550000|8.9452|1|2024-04-28 00:19:46
4551000|101.0206|1|2024-04-28 00:19:46
4546000|3.9632|0|2024-04-28 00:19:51
4544000|3.61|0|2024-04-28 00:19:51
4543000|17.9549|0|2024-04-28 00:19:51
4542000|8.54|0|2024-04-28 00:19:51
4541000|9.54|0|2024-04-28 00:19:51
4548000|0.011|1|2024-04-28 00:19:51
4549000|1.8046|1|2024-04-28 00:19:51
4550000|8.9452|1|2024-04-28 00:19:51
4551000|101.0206|1|2024-04-28 00:19:51
4552000|22.0357|1|2024-04-28 00:19:51
4546000|7.489|0|2024-04-28 00:19:56
4544000|3.61|0|2024-04-28 00:19:56
4543000|17.9549|0|2024-04-28 00:19:56
4542000|8.54|0|2024-04-28 00:19:56
4541000|9.54|0|2024-04-28 00:19:56
4548000|0.011|1|2024-04-28 00:19:56
4549000|1.8046|1|2024-04-28 00:19:56
4550000|8.9452|1|2024-04-28 00:19:56
4551000|101.0206|1|2024-04-28 00:19:56
4552000|22.0357|1|2024-04-28 00:19:56
4546000|7.489|0|2024-04-28 00:20:01
4544000|3.61|0|2024-04-28 00:20:01
4543000|17.9549|0|2024-04-28 00:20:01
4542000|8.54|0|2024-04-28 00:20:01
4541000|9.54|0|2024-04-28 00:20:01
4548000|0.011|1|2024-04-28 00:20:01
4549000|1.8046|1|2024-04-28 00:20:01
4550000|13.8238|1|2024-04-28 00:20:01
4551000|96.142|1|2024-04-28 00:20:01
4552000|22.2332|1|2024-04-28 00:20:01
4546000|7.489|0|2024-04-28 00:20:06
4545000|0.0504|0|2024-04-28 00:20:06
4544000|3.61|0|2024-04-28 00:20:06
4543000|17.9549|0|2024-04-28 00:20:06
4542000|8.54|0|2024-04-28 00:20:06
4548000|0.011|1|2024-04-28 00:20:06
4549000|1.8046|1|2024-04-28 00:20:06
4550000|12.5552|1|2024-04-28 00:20:06
4551000|96.142|1|2024-04-28 00:20:06
4552000|22.2352|1|2024-04-28 00:20:06
4546000|7.489|0|2024-04-28 00:20:11
4545000|0.0504|0|2024-04-28 00:20:11
4544000|3.61|0|2024-04-28 00:20:11
4543000|17.9549|0|2024-04-28 00:20:11
4542000|8.54|0|2024-04-28 00:20:11
4548000|0.0077|1|2024-04-28 00:20:11
4549000|1.8046|1|2024-04-28 00:20:11
4550000|12.5552|1|2024-04-28 00:20:11
4551000|97.4106|1|2024-04-28 00:20:11
4552000|22.2352|1|2024-04-28 00:20:11
4546000|7.489|0|2024-04-28 00:20:16
4545000|0.0504|0|2024-04-28 00:20:16
4544000|3.61|0|2024-04-28 00:20:16
4543000|17.9549|0|2024-04-28 00:20:16
4542000|8.54|0|2024-04-28 00:20:16
4548000|0.0077|1|2024-04-28 00:20:16
4549000|1.8046|1|2024-04-28 00:20:16
4550000|12.5552|1|2024-04-28 00:20:16
4551000|97.4106|1|2024-04-28 00:20:16
4552000|22.2352|1|2024-04-28 00:20:16
4546000|7.489|0|2024-04-28 00:20:21
4545000|0.0504|0|2024-04-28 00:20:21
4544000|3.61|0|2024-04-28 00:20:21
4543000|17.9549|0|2024-04-28 00:20:21
4542000|9.54|0|2024-04-28 00:20:21
4548000|0.0077|1|2024-04-28 00:20:21
4549000|1.8046|1|2024-04-28 00:20:21
4550000|12.5552|1|2024-04-28 00:20:21
4551000|97.4106|1|2024-04-28 00:20:21
4552000|22.0357|1|2024-04-28 00:20:21
4546000|7.489|0|2024-04-28 00:20:26
4545000|0.0504|0|2024-04-28 00:20:26
4544000|3.61|0|2024-04-28 00:20:26
4543000|17.9549|0|2024-04-28 00:20:26
4542000|9.54|0|2024-04-28 00:20:26
4548000|0.0077|1|2024-04-28 00:20:26
4549000|1.8046|1|2024-04-28 00:20:26
4550000|12.5552|1|2024-04-28 00:20:26
4551000|97.4106|1|2024-04-28 00:20:26
4552000|22.0357|1|2024-04-28 00:20:26
4546000|7.478|0|2024-04-28 00:20:31
4545000|0.0504|0|2024-04-28 00:20:31
4544000|3.61|0|2024-04-28 00:20:31
4543000|17.9549|0|2024-04-28 00:20:31
4542000|9.54|0|2024-04-28 00:20:31
4548000|0.0077|1|2024-04-28 00:20:31
4549000|1.8046|1|2024-04-28 00:20:31
4550000|12.5552|1|2024-04-28 00:20:31
4551000|97.4106|1|2024-04-28 00:20:31
4552000|22.0357|1|2024-04-28 00:20:31
4546000|7.478|0|2024-04-28 00:20:36
4545000|0.0504|0|2024-04-28 00:20:36
4544000|3.61|0|2024-04-28 00:20:36
4543000|17.9549|0|2024-04-28 00:20:36
4542000|9.8564|0|2024-04-28 00:20:36
4548000|0.0077|1|2024-04-28 00:20:36
4549000|1.8046|1|2024-04-28 00:20:36
4550000|12.5552|1|2024-04-28 00:20:36
4551000|97.4106|1|2024-04-28 00:20:36
4552000|22.2332|1|2024-04-28 00:20:36
4546000|7.4479|0|2024-04-28 00:20:41
4545000|0.0504|0|2024-04-28 00:20:41
4544000|3.61|0|2024-04-28 00:20:41
4543000|17.9549|0|2024-04-28 00:20:41
4542000|9.8564|0|2024-04-28 00:20:41
4548000|0.0077|1|2024-04-28 00:20:41
4549000|1.8046|1|2024-04-28 00:20:41
4550000|12.5552|1|2024-04-28 00:20:41
4551000|97.4106|1|2024-04-28 00:20:41
4552000|22.2332|1|2024-04-28 00:20:41
4546000|7.4479|0|2024-04-28 00:20:46
4545000|0.0504|0|2024-04-28 00:20:46
4544000|3.61|0|2024-04-28 00:20:46
4543000|17.9549|0|2024-04-28 00:20:46
4542000|9.874|0|2024-04-28 00:20:46
4548000|0.0077|1|2024-04-28 00:20:46
4549000|1.8046|1|2024-04-28 00:20:46
4550000|12.5552|1|2024-04-28 00:20:46
4551000|97.4106|1|2024-04-28 00:20:46
4552000|22.2332|1|2024-04-28 00:20:46
4546000|3.8379|0|2024-04-28 00:20:51
4545000|0.0504|0|2024-04-28 00:20:51
4542000|22.944|0|2024-04-28 00:20:51
4541000|6.5677|0|2024-04-28 00:20:51
4540000|10.2216|0|2024-04-28 00:20:51
4548000|0.0077|1|2024-04-28 00:20:51
4549000|1.8046|1|2024-04-28 00:20:51
4550000|23.9452|1|2024-04-28 00:20:51
4551000|96.142|1|2024-04-28 00:20:51
4552000|3.058|1|2024-04-28 00:20:51
4546000|3.8379|0|2024-04-28 00:20:56
4545000|0.0504|0|2024-04-28 00:20:56
4543000|3.61|0|2024-04-28 00:20:56
4541000|20.8829|0|2024-04-28 00:20:56
4540000|8.2916|0|2024-04-28 00:20:56
4547000|3.61|1|2024-04-28 00:20:56
4548000|3.08|1|2024-04-28 00:20:56
4549000|6.61|1|2024-04-28 00:20:56
4550000|24.5104|1|2024-04-28 00:20:56
4551000|102.682|1|2024-04-28 00:20:56
4545000|2.5272|0|2024-04-28 00:21:01
4542000|4.6826|0|2024-04-28 00:21:01
4540000|21.8566|0|2024-04-28 00:21:01
4539000|8.7967|0|2024-04-28 00:21:01
4538000|15.499|0|2024-04-28 00:21:01
4546000|5.8257|1|2024-04-28 00:21:01
4547000|1.2695|1|2024-04-28 00:21:01
4548000|108.3295|1|2024-04-28 00:21:01
4549000|6.61|1|2024-04-28 00:21:01
4550000|8.9452|1|2024-04-28 00:21:01
4542000|3.61|0|2024-04-28 00:21:06
4540000|21.8566|0|2024-04-28 00:21:06
4539000|8.7967|0|2024-04-28 00:21:06
4538000|15.08|0|2024-04-28 00:21:06
4537000|4.044|0|2024-04-28 00:21:06
4546000|6.0165|1|2024-04-28 00:21:06
4547000|1.8032|1|2024-04-28 00:21:06
4548000|112.5047|1|2024-04-28 00:21:06
4549000|3.4221|1|2024-04-28 00:21:06
4550000|9.9452|1|2024-04-28 00:21:06
4542000|3.61|0|2024-04-28 00:21:11
4541000|1.0742|0|2024-04-28 00:21:11
4540000|21.894|0|2024-04-28 00:21:11
4539000|6.6062|0|2024-04-28 00:21:11
4538000|15.08|0|2024-04-28 00:21:11
4546000|6.1374|1|2024-04-28 00:21:11
4547000|1.2695|1|2024-04-28 00:21:11
4548000|111.9395|1|2024-04-28 00:21:11
4549000|3.5652|1|2024-04-28 00:21:11
4550000|9.9452|1|2024-04-28 00:21:11
4541000|3.61|0|2024-04-28 00:21:16
4540000|15.2466|0|2024-04-28 00:21:16
4539000|12.4067|0|2024-04-28 00:21:16
4538000|4.0|0|2024-04-28 00:21:16
4537000|4.4887|0|2024-04-28 00:21:16
4546000|3.7973|1|2024-04-28 00:21:16
4547000|93.2197|1|2024-04-28 00:21:16
4548000|21.7198|1|2024-04-28 00:21:16
4549000|3.0|1|2024-04-28 00:21:16
4550000|10.383|1|2024-04-28 00:21:16
4540000|0.2466|0|2024-04-28 00:21:21
4539000|20.2345|0|2024-04-28 00:21:21
4538000|7.61|0|2024-04-28 00:21:21
4537000|6.7387|0|2024-04-28 00:21:21
4536000|10.0277|0|2024-04-28 00:21:21
4542000|0.7258|1|2024-04-28 00:21:21
4546000|1.9052|1|2024-04-28 00:21:21
4547000|96.8297|1|2024-04-28 00:21:21
4548000|19.0079|1|2024-04-28 00:21:21
4549000|9.54|1|2024-04-28 00:21:21
4540000|3.8566|0|2024-04-28 00:21:26
4539000|18.044|0|2024-04-28 00:21:26
4538000|7.61|0|2024-04-28 00:21:26
4537000|6.7387|0|2024-04-28 00:21:26
4536000|10.0277|0|2024-04-28 00:21:26
4542000|0.4068|1|2024-04-28 00:21:26
4544000|3.61|1|2024-04-28 00:21:26
4545000|3.0734|1|2024-04-28 00:21:26
4546000|3.102|1|2024-04-28 00:21:26
4547000|97.3949|1|2024-04-28 00:21:26
4540000|3.8408|0|2024-04-28 00:21:31
4539000|6.3047|0|2024-04-28 00:21:31
4538000|22.61|0|2024-04-28 00:21:31
4537000|6.7387|0|2024-04-28 00:21:31
4536000|10.0277|0|2024-04-28 00:21:31
4542000|0.4068|1|2024-04-28 00:21:31
4544000|5.4078|1|2024-04-28 00:21:31
4545000|1.2702|1|2024-04-28 00:21:31
4546000|3.102|1|2024-04-28 00:21:31
4547000|97.3949|1|2024-04-28 00:21:31
4540000|3.9039|0|2024-04-28 00:21:36
4539000|6.3047|0|2024-04-28 00:21:36
4538000|22.61|0|2024-04-28 00:21:36
4537000|6.7387|0|2024-04-28 00:21:36
4536000|10.0277|0|2024-04-28 00:21:36
4544000|5.4078|1|2024-04-28 00:21:36
4545000|1.2702|1|2024-04-28 00:21:36
4546000|108.3217|1|2024-04-28 00:21:36
4547000|7.1752|1|2024-04-28 00:21:36
4548000|3.4427|1|2024-04-28 00:21:36
4542000|0.0655|0|2024-04-28 00:21:41
4540000|3.8408|0|2024-04-28 00:21:41
4539000|6.3047|0|2024-04-28 00:21:41
4538000|22.61|0|2024-04-28 00:21:41
4537000|6.7387|0|2024-04-28 00:21:41
4544000|3.4078|1|2024-04-28 00:21:41
4545000|3.0876|1|2024-04-28 00:21:41
4546000|108.3217|1|2024-04-28 00:21:41
4547000|7.1752|1|2024-04-28 00:21:41
4548000|3.4427|1|2024-04-28 00:21:41
4540000|3.9039|0|2024-04-28 00:21:46
4539000|6.3047|0|2024-04-28 00:21:46
4538000|22.61|0|2024-04-28 00:21:46
4537000|6.7387|0|2024-04-28 00:21:46
4536000|10.0277|0|2024-04-28 00:21:46
4542000|0.1373|1|2024-04-28 00:21:46
4544000|5.1987|1|2024-04-28 00:21:46
4545000|1.2898|1|2024-04-28 00:21:46
4546000|108.3217|1|2024-04-28 00:21:46
4547000|7.1752|1|2024-04-28 00:21:46
4540000|3.8408|0|2024-04-28 00:21:51
4539000|6.3047|0|2024-04-28 00:21:51
4538000|22.61|0|2024-04-28 00:21:51
4537000|6.7387|0|2024-04-28 00:21:51
4536000|10.0277|0|2024-04-28 00:21:51
4542000|0.1493|1|2024-04-28 00:21:51
4545000|5.4205|1|2024-04-28 00:21:51
4546000|108.3217|1|2024-04-28 00:21:51
4547000|6.61|1|2024-04-28 00:21:51
4548000|4.0002|1|2024-04-28 00:21:51
4540000|3.8408|0|2024-04-28 00:21:56
4539000|6.3047|0|2024-04-28 00:21:56
4538000|22.61|0|2024-04-28 00:21:56
4537000|6.7387|0|2024-04-28 00:21:56
4536000|10.0277|0|2024-04-28 00:21:56
4542000|0.1493|1|2024-04-28 00:21:56
4545000|5.4205|1|2024-04-28 00:21:56
4546000|109.5918|1|2024-04-28 00:21:56
4547000|6.61|1|2024-04-28 00:21:56
4548000|4.0002|1|2024-04-28 00:21:56
4540000|5.0067|0|2024-04-28 00:22:01
4539000|4.1142|0|2024-04-28 00:22:01
4538000|22.61|0|2024-04-28 00:22:01
4537000|6.7387|0|2024-04-28 00:22:01
4536000|10.0277|0|2024-04-28 00:22:01
4542000|0.1493|1|2024-04-28 00:22:01
4544000|1.7909|1|2024-04-28 00:22:01
4545000|3.6374|1|2024-04-28 00:22:01
4546000|108.3217|1|2024-04-28 00:22:01
4547000|6.61|1|2024-04-28 00:22:01
4540000|0.2308|0|2024-04-28 00:22:06
4539000|9.9147|0|2024-04-28 00:22:06
4538000|22.61|0|2024-04-28 00:22:06
4537000|6.7387|0|2024-04-28 00:22:06
4536000|9.584|0|2024-04-28 00:22:06
4542000|0.1493|1|2024-04-28 00:22:06
4544000|1.7909|1|2024-04-28 00:22:06
4545000|1.2976|1|2024-04-28 00:22:06
4546000|108.3217|1|2024-04-28 00:22:06
4547000|7.1752|1|2024-04-28 00:22:06
4540000|0.2308|0|2024-04-28 00:22:11
4539000|7.7242|0|2024-04-28 00:22:11
4538000|7.61|0|2024-04-28 00:22:11
4537000|21.7387|0|2024-04-28 00:22:11
4536000|9.584|0|2024-04-28 00:22:11
4542000|0.012|1|2024-04-28 00:22:11
4544000|3.0613|1|2024-04-28 00:22:11
4545000|90.2471|1|2024-04-28 00:22:11
4546000|18.102|1|2024-04-28 00:22:11
4547000|6.61|1|2024-04-28 00:22:11
4540000|0.0935|0|2024-04-28 00:22:16
4539000|7.7242|0|2024-04-28 00:22:16
4538000|7.61|0|2024-04-28 00:22:16
4537000|21.9478|0|2024-04-28 00:22:16
4536000|9.584|0|2024-04-28 00:22:16
4542000|0.012|1|2024-04-28 00:22:16
4544000|3.0613|1|2024-04-28 00:22:16
4545000|90.2471|1|2024-04-28 00:22:16
4546000|22.2772|1|2024-04-28 00:22:16
4547000|3.0|1|2024-04-28 00:22:16
4539000|3.044|0|2024-04-28 00:22:21
4538000|7.61|0|2024-04-28 00:22:21
4537000|21.9478|0|2024-04-28 00:22:21
4536000|13.194|0|2024-04-28 00:22:21
4535000|5.5841|0|2024-04-28 00:22:21
4540000|1.4897|1|2024-04-28 00:22:21
4542000|0.012|1|2024-04-28 00:22:21
4544000|3.0861|1|2024-04-28 00:22:21
4545000|90.2471|1|2024-04-28 00:22:21
4546000|25.7852|1|2024-04-28 00:22:21
4539000|3.0883|0|2024-04-28 00:22:26
4538000|7.61|0|2024-04-28 00:22:26
4537000|25.5578|0|2024-04-28 00:22:26
4536000|4.044|0|2024-04-28 00:22:26
4535000|5.5841|0|2024-04-28 00:22:26
4540000|1.4897|1|2024-04-28 00:22:26
4542000|0.012|1|2024-04-28 00:22:26
4543000|1.7792|1|2024-04-28 00:22:26
