price|quantity|type|timestamp
4500000|0.0206|0|2024-04-26 15:23:32
4499000|9.4913|0|2024-04-26 15:23:32
4497000|0.5106|0|2024-04-26 15:23:32
4496000|16.8535|0|2024-04-26 15:23:32
4495000|17.8505|0|2024-04-26 15:23:32
4504000|0.0045|1|2024-04-26 15:23:32
4505000|16.3935|1|2024-04-26 15:23:32
4506000|3.4555|1|2024-04-26 15:23:32
4507000|4.3531|1|2024-04-26 15:23:32
4508000|4.4668|1|2024-04-26 15:23:32
4500000|0.0206|0|2024-04-26 15:23:32
4499000|9.4913|0|2024-04-26 15:23:32
4497000|0.5106|0|2024-04-26 15:23:32
4496000|16.8535|0|2024-04-26 15:23:32
4495000|17.8505|0|2024-04-26 15:23:32
4504000|0.0045|1|2024-04-26 15:23:32
4505000|16.3935|1|2024-04-26 15:23:32
4506000|3.4555|1|2024-04-26 15:23:32
4507000|4.3531|1|2024-04-26 15:23:32
4508000|4.4668|1|2024-04-26 15:23:32
4501000|1.2121|0|2024-04-26 15:23:37
4500000|1.2911|0|2024-04-26 15:23:37
4499000|9.4913|0|2024-04-26 15:23:37
4498000|0.4402|0|2024-04-26 15:23:37
4497000|0.5106|0|2024-04-26 15:23:37
4504000|0.0065|1|2024-04-26 15:23:37
4505000|16.3935|1|2024-04-26 15:23:37
4506000|3.4489|1|2024-04-26 15:23:37
4507000|4.0|1|2024-04-26 15:23:37
4508000|4.8195|1|2024-04-26 15:23:37
4499000|5.8058|0|2024-04-26 15:23:42
4498000|1.2705|0|2024-04-26 15:23:42
4497000|0.8486|0|2024-04-26 15:23:42
4496000|16.8535|0|2024-04-26 15:23:42
4495000|16.0925|0|2024-04-26 15:23:42
4500000|7.7378|1|2024-04-26 15:23:42
4501000|0.0296|1|2024-04-26 15:23:42
4504000|0.4503|1|2024-04-26 15:23:42
4505000|15.0|1|2024-04-26 15:23:42
4506000|3.4486|1|2024-04-26 15:23:42
4499000|6.7602|0|2024-04-26 15:23:47
4498000|1.6237|0|2024-04-26 15:23:47
4497000|0.8486|0|2024-04-26 15:23:47
4496000|16.5|0|2024-04-26 15:23:47
4495000|16.0925|0|2024-04-26 15:23:47
4500000|0.1659|1|2024-04-26 15:23:47
4501000|0.0296|1|2024-04-26 15:23:47
4504000|1.8421|1|2024-04-26 15:23:47
4505000|15.0|1|2024-04-26 15:23:47
4506000|3.4486|1|2024-04-26 15:23:47
4499000|6.7602|0|2024-04-26 15:23:52
4498000|1.6237|0|2024-04-26 15:23:52
4497000|0.8486|0|2024-04-26 15:23:52
4496000|16.5|0|2024-04-26 15:23:52
4495000|16.0925|0|2024-04-26 15:23:52
4500000|0.0871|1|2024-04-26 15:23:52
4501000|0.0313|1|2024-04-26 15:23:52
4504000|1.8421|1|2024-04-26 15:23:52
4505000|15.0|1|2024-04-26 15:23:52
4506000|3.4486|1|2024-04-26 15:23:52
4499000|6.7602|0|2024-04-26 15:23:57
4498000|1.6237|0|2024-04-26 15:23:57
4497000|0.8486|0|2024-04-26 15:23:57
4496000|16.5|0|2024-04-26 15:23:57
4495000|16.0925|0|2024-04-26 15:23:57
4500000|0.0599|1|2024-04-26 15:23:57
4501000|0.0313|1|2024-04-26 15:23:57
4504000|1.8421|1|2024-04-26 15:23:57
4505000|15.0|1|2024-04-26 15:23:57
4506000|3.4486|1|2024-04-26 15:23:57
4499000|6.7602|0|2024-04-26 15:24:02
4498000|1.6239|0|2024-04-26 15:24:02
4497000|0.8486|0|2024-04-26 15:24:02
4496000|16.5|0|2024-04-26 15:24:02
4495000|16.0925|0|2024-04-26 15:24:02
4500000|0.0|1|2024-04-26 15:24:02
4501000|0.0313|1|2024-04-26 15:24:02
4504000|1.8421|1|2024-04-26 15:24:02
4505000|15.0|1|2024-04-26 15:24:02
4506000|3.4486|1|2024-04-26 15:24:02
4499000|4.5444|0|2024-04-26 15:24:07
4498000|3.8411|0|2024-04-26 15:24:07
4497000|0.8486|0|2024-04-26 15:24:07
4496000|1.5|0|2024-04-26 15:24:07
4495000|31.0905|0|2024-04-26 15:24:07
4500000|0.0|1|2024-04-26 15:24:07
4501000|0.0016|1|2024-04-26 15:24:07
4504000|1.8421|1|2024-04-26 15:24:07
4505000|15.0|1|2024-04-26 15:24:07
4506000|3.4486|1|2024-04-26 15:24:07
4500000|0.0129|0|2024-04-26 15:24:12
4499000|4.5444|0|2024-04-26 15:24:12
4498000|0.3534|0|2024-04-26 15:24:12
4497000|0.8486|0|2024-04-26 15:24:12
4496000|1.5|0|2024-04-26 15:24:12
4501000|0.0003|1|2024-04-26 15:24:12
4504000|1.8421|1|2024-04-26 15:24:12
4505000|15.0|1|2024-04-26 15:24:12
4506000|3.4486|1|2024-04-26 15:24:12
4507000|4.0|1|2024-04-26 15:24:12
4500000|0.3549|0|2024-04-26 15:24:17
4499000|6.7616|0|2024-04-26 15:24:17
4498000|0.1955|0|2024-04-26 15:24:17
4497000|0.8486|0|2024-04-26 15:24:17
4496000|1.5|0|2024-04-26 15:24:17
4501000|0.0003|1|2024-04-26 15:24:17
4504000|1.8421|1|2024-04-26 15:24:17
4505000|15.0|1|2024-04-26 15:24:17
4506000|3.4486|1|2024-04-26 15:24:17
4507000|4.0|1|2024-04-26 15:24:17
4500000|1.284|0|2024-04-26 15:24:22
4499000|6.7616|0|2024-04-26 15:24:22
4498000|0.3536|0|2024-04-26 15:24:22
4497000|0.8486|0|2024-04-26 15:24:22
4496000|1.5|0|2024-04-26 15:24:22
4501000|0.0003|1|2024-04-26 15:24:22
4504000|1.3918|1|2024-04-26 15:24:22
4505000|15.0|1|2024-04-26 15:24:22
4506000|3.4486|1|2024-04-26 15:24:22
4507000|4.0|1|2024-04-26 15:24:22
4500000|1.284|0|2024-04-26 15:24:27
4499000|4.8979|0|2024-04-26 15:24:27
4498000|2.2172|0|2024-04-26 15:24:27
4497000|0.8486|0|2024-04-26 15:24:27
4496000|1.5|0|2024-04-26 15:24:27
4501000|0.0003|1|2024-04-26 15:24:27
4504000|1.3918|1|2024-04-26 15:24:27
4505000|15.0|1|2024-04-26 15:24:27
4506000|3.4486|1|2024-04-26 15:24:27
4507000|4.0|1|2024-04-26 15:24:27
4500000|1.2741|0|2024-04-26 15:24:32
4499000|6.7616|0|2024-04-26 15:24:32
4498000|0.3537|0|2024-04-26 15:24:32
4497000|0.8486|0|2024-04-26 15:24:32
4496000|1.5|0|2024-04-26 15:24:32
4501000|0.0003|1|2024-04-26 15:24:32
4504000|1.3918|1|2024-04-26 15:24:32
4505000|15.0|1|2024-04-26 15:24:32
4506000|3.4486|1|2024-04-26 15:24:32
4507000|4.0|1|2024-04-26 15:24:32
4500000|1.2741|0|2024-04-26 15:24:37
4499000|6.7616|0|2024-04-26 15:24:37
4498000|0.3537|0|2024-04-26 15:24:37
4497000|0.8486|0|2024-04-26 15:24:37
4496000|1.5|0|2024-04-26 15:24:37
4501000|0.0003|1|2024-04-26 15:24:37
4504000|1.3918|1|2024-04-26 15:24:37
4505000|15.0|1|2024-04-26 15:24:37
4506000|3.4486|1|2024-04-26 15:24:37
4507000|4.0|1|2024-04-26 15:24:37
4500000|1.2741|0|2024-04-26 15:24:42
4499000|4.8977|0|2024-04-26 15:24:42
4498000|2.2172|0|2024-04-26 15:24:42
4497000|0.8486|0|2024-04-26 15:24:42
4496000|1.5|0|2024-04-26 15:24:42
4501000|0.0003|1|2024-04-26 15:24:42
4504000|1.3918|1|2024-04-26 15:24:42
4505000|15.0|1|2024-04-26 15:24:42
4506000|3.4486|1|2024-04-26 15:24:42
4507000|4.0|1|2024-04-26 15:24:42
4501000|1.9996|0|2024-04-26 15:24:47
4500000|1.2741|0|2024-04-26 15:24:47
4499000|7.1152|0|2024-04-26 15:24:47
4498000|3.59|0|2024-04-26 15:24:47
4497000|1.1825|0|2024-04-26 15:24:47
4504000|1.3918|1|2024-04-26 15:24:47
4505000|15.0|1|2024-04-26 15:24:47
4506000|3.5507|1|2024-04-26 15:24:47
4507000|4.0|1|2024-04-26 15:24:47
4508000|5.1768|1|2024-04-26 15:24:47
4501000|1.9996|0|2024-04-26 15:24:52
4500000|1.2741|0|2024-04-26 15:24:52
4499000|7.1152|0|2024-04-26 15:24:52
4498000|3.59|0|2024-04-26 15:24:52
4497000|1.1825|0|2024-04-26 15:24:52
4504000|1.3918|1|2024-04-26 15:24:52
4505000|15.0|1|2024-04-26 15:24:52
4506000|3.5507|1|2024-04-26 15:24:52
4507000|4.0|1|2024-04-26 15:24:52
4508000|5.1768|1|2024-04-26 15:24:52
4501000|1.9996|0|2024-04-26 15:24:57
4500000|1.6163|0|2024-04-26 15:24:57
4499000|7.1152|0|2024-04-26 15:24:57
4498000|3.59|0|2024-04-26 15:24:57
4497000|1.1825|0|2024-04-26 15:24:57
4505000|15.0|1|2024-04-26 15:24:57
4506000|3.5507|1|2024-04-26 15:24:57
4507000|4.0|1|2024-04-26 15:24:57
4508000|4.4668|1|2024-04-26 15:24:57
4509000|4.0|1|2024-04-26 15:24:57
4501000|1.9996|0|2024-04-26 15:25:02
4500000|2.3348|0|2024-04-26 15:25:02
4499000|7.1152|0|2024-04-26 15:25:02
4498000|3.59|0|2024-04-26 15:25:02
4497000|16.1825|0|2024-04-26 15:25:02
4505000|15.0|1|2024-04-26 15:25:02
4506000|3.5507|1|2024-04-26 15:25:02
4507000|4.0|1|2024-04-26 15:25:02
4508000|4.4668|1|2024-04-26 15:25:02
4509000|4.0|1|2024-04-26 15:25:02
4501000|1.9996|0|2024-04-26 15:25:07
4500000|2.276|0|2024-04-26 15:25:07
4499000|7.1165|0|2024-04-26 15:25:07
4498000|3.59|0|2024-04-26 15:25:07
4497000|16.1825|0|2024-04-26 15:25:07
4504000|0.4609|1|2024-04-26 15:25:07
4505000|17.2163|1|2024-04-26 15:25:07
4506000|3.5507|1|2024-04-26 15:25:07
4507000|4.0|1|2024-04-26 15:25:07
4508000|6.442|1|2024-04-26 15:25:07
4501000|1.9996|0|2024-04-26 15:25:12
4500000|1.0336|0|2024-04-26 15:25:12
4499000|8.3868|0|2024-04-26 15:25:12
4498000|3.59|0|2024-04-26 15:25:12
4497000|16.1825|0|2024-04-26 15:25:12
4504000|0.4609|1|2024-04-26 15:25:12
4505000|17.2163|1|2024-04-26 15:25:12
4506000|3.5507|1|2024-04-26 15:25:12
4507000|4.0|1|2024-04-26 15:25:12
4508000|6.442|1|2024-04-26 15:25:12
4501000|1.9934|0|2024-04-26 15:25:17
4500000|1.0336|0|2024-04-26 15:25:17
4499000|6.1681|0|2024-04-26 15:25:17
4498000|3.59|0|2024-04-26 15:25:17
4497000|16.1825|0|2024-04-26 15:25:17
4504000|0.4609|1|2024-04-26 15:25:17
4505000|17.2163|1|2024-04-26 15:25:17
4506000|3.5507|1|2024-04-26 15:25:17
4507000|4.0|1|2024-04-26 15:25:17
4508000|6.442|1|2024-04-26 15:25:17
4501000|1.9934|0|2024-04-26 15:25:22
4500000|1.39|0|2024-04-26 15:25:22
4499000|6.7607|0|2024-04-26 15:25:22
4498000|4.0573|0|2024-04-26 15:25:22
4497000|16.1825|0|2024-04-26 15:25:22
4506000|19.3918|1|2024-04-26 15:25:22
4507000|4.1021|1|2024-04-26 15:25:22
4508000|4.4668|1|2024-04-26 15:25:22
4509000|4.0|1|2024-04-26 15:25:22
4510000|0.4559|1|2024-04-26 15:25:22
4501000|6.8532|0|2024-04-26 15:25:27
4500000|0.0317|0|2024-04-26 15:25:27
4499000|3.6234|0|2024-04-26 15:25:27
4498000|4.0573|0|2024-04-26 15:25:27
4497000|16.1825|0|2024-04-26 15:25:27
4506000|19.2183|1|2024-04-26 15:25:27
4507000|4.1021|1|2024-04-26 15:25:27
4508000|4.4668|1|2024-04-26 15:25:27
4509000|4.0|1|2024-04-26 15:25:27
4510000|2.4302|1|2024-04-26 15:25:27
4501000|5.5834|0|2024-04-26 15:25:32
4500000|1.2699|0|2024-04-26 15:25:32
4499000|3.6234|0|2024-04-26 15:25:32
4498000|4.0573|0|2024-04-26 15:25:32
4497000|16.1825|0|2024-04-26 15:25:32
4506000|19.3925|1|2024-04-26 15:25:32
4507000|4.1021|1|2024-04-26 15:25:32
4508000|4.4668|1|2024-04-26 15:25:32
4509000|4.0|1|2024-04-26 15:25:32
4510000|2.7831|1|2024-04-26 15:25:32
4502000|0.963|0|2024-04-26 15:25:37
4501000|6.8531|0|2024-04-26 15:25:37
4500000|2.5688|0|2024-04-26 15:25:37
4499000|1.0536|0|2024-04-26 15:25:37
4498000|4.5055|0|2024-04-26 15:25:37
4506000|1.566|1|2024-04-26 15:25:37
4507000|19.1021|1|2024-04-26 15:25:37
4508000|4.4668|1|2024-04-26 15:25:37
4509000|4.0|1|2024-04-26 15:25:37
4510000|1.9469|1|2024-04-26 15:25:37
4502000|0.963|0|2024-04-26 15:25:42
4501000|6.8531|0|2024-04-26 15:25:42
4500000|2.5689|0|2024-04-26 15:25:42
4499000|1.0536|0|2024-04-26 15:25:42
4498000|4.5055|0|2024-04-26 15:25:42
4506000|1.566|1|2024-04-26 15:25:42
4507000|19.1021|1|2024-04-26 15:25:42
4508000|4.4668|1|2024-04-26 15:25:42
4509000|4.0|1|2024-04-26 15:25:42
4510000|1.9469|1|2024-04-26 15:25:42
4502000|0.9618|0|2024-04-26 15:25:47
4501000|9.0689|0|2024-04-26 15:25:47
4500000|0.3531|0|2024-04-26 15:25:47
4499000|1.0536|0|2024-04-26 15:25:47
4498000|4.5055|0|2024-04-26 15:25:47
4506000|1.566|1|2024-04-26 15:25:47
4507000|19.0|1|2024-04-26 15:25:47
4508000|4.4668|1|2024-04-26 15:25:47
4509000|4.0|1|2024-04-26 15:25:47
4510000|1.4559|1|2024-04-26 15:25:47
4503000|0.0081|0|2024-04-26 15:25:52
4502000|0.7876|0|2024-04-26 15:25:52
4501000|9.0689|0|2024-04-26 15:25:52
4500000|3.9433|0|2024-04-26 15:25:52
4499000|16.0536|0|2024-04-26 15:25:52
4507000|19.0|1|2024-04-26 15:25:52
4508000|4.5689|1|2024-04-26 15:25:52
4509000|4.0|1|2024-04-26 15:25:52
4510000|1.4559|1|2024-04-26 15:25:52
4511000|1.8287|1|2024-04-26 15:25:52
4503000|0.6546|0|2024-04-26 15:25:57
4502000|3.4853|0|2024-04-26 15:25:57
4501000|5.9365|0|2024-04-26 15:25:57
4500000|3.59|0|2024-04-26 15:25:57
4499000|16.4782|0|2024-04-26 15:25:57
4507000|18.0|1|2024-04-26 15:25:57
4508000|4.5689|1|2024-04-26 15:25:57
4509000|4.0|1|2024-04-26 15:25:57
4510000|1.4559|1|2024-04-26 15:25:57
4511000|1.4764|1|2024-04-26 15:25:57
4503000|0.0081|0|2024-04-26 15:26:02
4502000|2.2689|0|2024-04-26 15:26:02
4501000|7.7992|0|2024-04-26 15:26:02
4500000|3.59|0|2024-04-26 15:26:02
4499000|16.4782|0|2024-04-26 15:26:02
4507000|3.0|1|2024-04-26 15:26:02
4508000|19.1464|1|2024-04-26 15:26:02
4509000|4.0|1|2024-04-26 15:26:02
4510000|1.4559|1|2024-04-26 15:26:02
4511000|1.4764|1|2024-04-26 15:26:02
4503000|0.6465|0|2024-04-26 15:26:07
4502000|3.8327|0|2024-04-26 15:26:07
4501000|5.5834|0|2024-04-26 15:26:07
4500000|3.59|0|2024-04-26 15:26:07
4499000|16.4782|0|2024-04-26 15:26:07
4507000|2.9985|1|2024-04-26 15:26:07
4508000|19.1464|1|2024-04-26 15:26:07
4509000|4.0|1|2024-04-26 15:26:07
4510000|1.4559|1|2024-04-26 15:26:07
4511000|1.4764|1|2024-04-26 15:26:07
4502000|4.4792|0|2024-04-26 15:26:12
4501000|5.5834|0|2024-04-26 15:26:12
4500000|3.59|0|2024-04-26 15:26:12
4499000|26.4782|0|2024-04-26 15:26:12
4498000|0.9155|0|2024-04-26 15:26:12
4507000|2.9985|1|2024-04-26 15:26:12
4508000|19.1464|1|2024-04-26 15:26:12
4509000|4.0|1|2024-04-26 15:26:12
4510000|4.4559|1|2024-04-26 15:26:12
4511000|0.5344|1|2024-04-26 15:26:12
4504000|1.2694|0|2024-04-26 15:26:17
4503000|4.2363|0|2024-04-26 15:26:17
4502000|4.8337|0|2024-04-26 15:26:17
4501000|1.9934|0|2024-04-26 15:26:17
4500000|3.59|0|2024-04-26 15:26:17
4507000|3.009|1|2024-04-26 15:26:17
4508000|19.0443|1|2024-04-26 15:26:17
4509000|4.0|1|2024-04-26 15:26:17
4510000|4.4559|1|2024-04-26 15:26:17
4511000|0.5344|1|2024-04-26 15:26:17
4506000|3.59|0|2024-04-26 15:26:22
4504000|4.8593|0|2024-04-26 15:26:22
4502000|2.5687|0|2024-04-26 15:26:22
4501000|2.4298|0|2024-04-26 15:26:22
4500000|5.35|0|2024-04-26 15:26:22
4507000|0.0104|1|2024-04-26 15:26:22
4508000|18.0443|1|2024-04-26 15:26:22
4509000|4.0|1|2024-04-26 15:26:22
4510000|4.4559|1|2024-04-26 15:26:22
4511000|1.0046|1|2024-04-26 15:26:22
4506000|3.59|0|2024-04-26 15:26:27
4504000|4.8593|0|2024-04-26 15:26:27
4502000|2.5687|0|2024-04-26 15:26:27
4501000|2.4298|0|2024-04-26 15:26:27
4500000|5.35|0|2024-04-26 15:26:27
4507000|0.0104|1|2024-04-26 15:26:27
4508000|3.0443|1|2024-04-26 15:26:27
4509000|19.0|1|2024-04-26 15:26:27
4510000|4.558|1|2024-04-26 15:26:27
4511000|4.0046|1|2024-04-26 15:26:27
4506000|3.59|0|2024-04-26 15:26:32
4504000|4.8593|0|2024-04-26 15:26:32
4502000|0.3529|0|2024-04-26 15:26:32
4501000|2.4298|0|2024-04-26 15:26:32
4500000|5.35|0|2024-04-26 15:26:32
4507000|0.0104|1|2024-04-26 15:26:32
4508000|3.0443|1|2024-04-26 15:26:32
4509000|19.0|1|2024-04-26 15:26:32
4510000|4.558|1|2024-04-26 15:26:32
4511000|4.0046|1|2024-04-26 15:26:32
4506000|3.59|0|2024-04-26 15:26:37
4505000|3.59|0|2024-04-26 15:26:37
4502000|0.3529|0|2024-04-26 15:26:37
4501000|17.9006|0|2024-04-26 15:26:37
4500000|5.35|0|2024-04-26 15:26:37
4507000|0.0104|1|2024-04-26 15:26:37
4508000|0.0443|1|2024-04-26 15:26:37
4509000|18.0|1|2024-04-26 15:26:37
4510000|4.558|1|2024-04-26 15:26:37
4511000|4.0046|1|2024-04-26 15:26:37
4506000|3.59|0|2024-04-26 15:26:42
4505000|3.59|0|2024-04-26 15:26:42
4504000|1.2691|0|2024-04-26 15:26:42
4501000|18.2541|0|2024-04-26 15:26:42
4500000|5.35|0|2024-04-26 15:26:42
4507000|0.0104|1|2024-04-26 15:26:42
4508000|0.0443|1|2024-04-26 15:26:42
4509000|18.0|1|2024-04-26 15:26:42
4510000|4.558|1|2024-04-26 15:26:42
4511000|4.0046|1|2024-04-26 15:26:42
4506000|3.59|0|2024-04-26 15:26:47
4505000|3.59|0|2024-04-26 15:26:47
4504000|1.2691|0|2024-04-26 15:26:47
4502000|0.3531|0|2024-04-26 15:26:47
4501000|15.9072|0|2024-04-26 15:26:47
4507000|0.0104|1|2024-04-26 15:26:47
4508000|0.0443|1|2024-04-26 15:26:47
4509000|18.0|1|2024-04-26 15:26:47
4510000|4.558|1|2024-04-26 15:26:47
4511000|4.0046|1|2024-04-26 15:26:47
4507000|0.5686|0|2024-04-26 15:26:52
4506000|3.59|0|2024-04-26 15:26:52
4505000|4.859|0|2024-04-26 15:26:52
4502000|0.3531|0|2024-04-26 15:26:52
4501000|15.9072|0|2024-04-26 15:26:52
4508000|0.0443|1|2024-04-26 15:26:52
4509000|3.0|1|2024-04-26 15:26:52
4510000|19.0112|1|2024-04-26 15:26:52
4511000|4.1067|1|2024-04-26 15:26:52
4512000|1.4345|1|2024-04-26 15:26:52
4507000|0.3954|0|2024-04-26 15:26:57
4506000|3.59|0|2024-04-26 15:26:57
4505000|3.59|0|2024-04-26 15:26:57
4502000|0.3531|0|2024-04-26 15:26:57
4501000|15.9072|0|2024-04-26 15:26:57
4508000|0.0443|1|2024-04-26 15:26:57
4509000|3.0|1|2024-04-26 15:26:57
4510000|19.0112|1|2024-04-26 15:26:57
4511000|4.1067|1|2024-04-26 15:26:57
4512000|1.4365|1|2024-04-26 15:26:57
4507000|0.3954|0|2024-04-26 15:27:02
4506000|3.59|0|2024-04-26 15:27:02
4505000|3.59|0|2024-04-26 15:27:02
4504000|1.269|0|2024-04-26 15:27:02
4502000|0.3531|0|2024-04-26 15:27:02
4508000|0.0443|1|2024-04-26 15:27:02
4509000|3.0|1|2024-04-26 15:27:02
4510000|19.0112|1|2024-04-26 15:27:02
4511000|4.1067|1|2024-04-26 15:27:02
4512000|1.4345|1|2024-04-26 15:27:02
4507000|3.2871|0|2024-04-26 15:27:07
4506000|3.59|0|2024-04-26 15:27:07
4505000|3.59|0|2024-04-26 15:27:07
4504000|1.269|0|2024-04-26 15:27:07
4502000|0.3531|0|2024-04-26 15:27:07
4508000|0.0443|1|2024-04-26 15:27:07
4509000|3.0|1|2024-04-26 15:27:07
4510000|19.0112|1|2024-04-26 15:27:07
4511000|4.1067|1|2024-04-26 15:27:07
4512000|1.4365|1|2024-04-26 15:27:07
4507000|3.2871|0|2024-04-26 15:27:12
4506000|3.59|0|2024-04-26 15:27:12
4505000|3.59|0|2024-04-26 15:27:12
4504000|1.269|0|2024-04-26 15:27:12
4503000|0.3532|0|2024-04-26 15:27:12
4508000|0.0443|1|2024-04-26 15:27:12
4509000|3.0|1|2024-04-26 15:27:12
4510000|19.0112|1|2024-04-26 15:27:12
4511000|4.1087|1|2024-04-26 15:27:12
4512000|5.0265|1|2024-04-26 15:27:12
4507000|3.2871|0|2024-04-26 15:27:17
4506000|3.59|0|2024-04-26 15:27:17
4505000|3.59|0|2024-04-26 15:27:17
4504000|1.269|0|2024-04-26 15:27:17
4503000|0.3532|0|2024-04-26 15:27:17
4508000|0.0443|1|2024-04-26 15:27:17
4509000|3.0|1|2024-04-26 15:27:17
4510000|19.0112|1|2024-04-26 15:27:17
4511000|4.1087|1|2024-04-26 15:27:17
4512000|5.0265|1|2024-04-26 15:27:17
4507000|3.2871|0|2024-04-26 15:27:22
4506000|3.59|0|2024-04-26 15:27:22
4505000|5.8053|0|2024-04-26 15:27:22
4504000|1.269|0|2024-04-26 15:27:22
4503000|0.3534|0|2024-04-26 15:27:22
4508000|0.0443|1|2024-04-26 15:27:22
4509000|3.0|1|2024-04-26 15:27:22
4510000|19.0112|1|2024-04-26 15:27:22
4511000|4.1087|1|2024-04-26 15:27:22
4512000|5.0265|1|2024-04-26 15:27:22
4507000|3.2871|0|2024-04-26 15:27:27
4506000|3.59|0|2024-04-26 15:27:27
4505000|3.59|0|2024-04-26 15:27:27
4504000|1.269|0|2024-04-26 15:27:27
4503000|0.3534|0|2024-04-26 15:27:27
4508000|0.0443|1|2024-04-26 15:27:27
4509000|3.0|1|2024-04-26 15:27:27
4510000|19.0112|1|2024-04-26 15:27:27
4511000|4.1087|1|2024-04-26 15:27:27
4512000|5.0265|1|2024-04-26 15:27:27
4507000|3.2871|0|2024-04-26 15:27:32
4506000|3.943|0|2024-04-26 15:27:32
4505000|5.8043|0|2024-04-26 15:27:32
4504000|1.269|0|2024-04-26 15:27:32
4502000|0.4378|0|2024-04-26 15:27:32
4508000|0.0443|1|2024-04-26 15:27:32
4509000|3.0|1|2024-04-26 15:27:32
4510000|19.0112|1|2024-04-26 15:27:32
4511000|4.1087|1|2024-04-26 15:27:32
4512000|8.0265|1|2024-04-26 15:27:32
4507000|3.2871|0|2024-04-26 15:27:37
4506000|3.943|0|2024-04-26 15:27:37
4505000|5.8043|0|2024-04-26 15:27:37
4504000|1.269|0|2024-04-26 15:27:37
4502000|0.4378|0|2024-04-26 15:27:37
4508000|0.0443|1|2024-04-26 15:27:37
4510000|19.0112|1|2024-04-26 15:27:37
4511000|4.1067|1|2024-04-26 15:27:37
4512000|8.0245|1|2024-04-26 15:27:37
4513000|2.3979|1|2024-04-26 15:27:37
4507000|3.281|0|2024-04-26 15:27:42
4506000|3.943|0|2024-04-26 15:27:42
4505000|5.8043|0|2024-04-26 15:27:42
4504000|1.269|0|2024-04-26 15:27:42
4502000|0.4378|0|2024-04-26 15:27:42
4508000|0.0443|1|2024-04-26 15:27:42
4510000|19.0112|1|2024-04-26 15:27:42
4511000|4.1087|1|2024-04-26 15:27:42
4512000|8.0265|1|2024-04-26 15:27:42
4513000|2.3979|1|2024-04-26 15:27:42
4507000|3.281|0|2024-04-26 15:27:47
4506000|6.1573|0|2024-04-26 15:27:47
4505000|3.59|0|2024-04-26 15:27:47
4504000|1.269|0|2024-04-26 15:27:47
4502000|0.4378|0|2024-04-26 15:27:47
4508000|0.0443|1|2024-04-26 15:27:47
4510000|19.0112|1|2024-04-26 15:27:47
4511000|4.1067|1|2024-04-26 15:27:47
4512000|4.4345|1|2024-04-26 15:27:47
4513000|2.3959|1|2024-04-26 15:27:47
4507000|3.281|0|2024-04-26 15:27:52
4506000|6.1573|0|2024-04-26 15:27:52
4505000|3.59|0|2024-04-26 15:27:52
4504000|1.269|0|2024-04-26 15:27:52
4502000|0.4378|0|2024-04-26 15:27:52
4508000|0.0443|1|2024-04-26 15:27:52
4510000|19.0112|1|2024-04-26 15:27:52
4511000|4.1087|1|2024-04-26 15:27:52
4512000|4.4365|1|2024-04-26 15:27:52
4513000|5.9879|1|2024-04-26 15:27:52
4507000|3.281|0|2024-04-26 15:27:57
4506000|6.1573|0|2024-04-26 15:27:57
4505000|3.59|0|2024-04-26 15:27:57
4504000|1.269|0|2024-04-26 15:27:57
4502000|0.4378|0|2024-04-26 15:27:57
4508000|0.0443|1|2024-04-26 15:27:57
4510000|18.0112|1|2024-04-26 15:27:57
4511000|4.1067|1|2024-04-26 15:27:57
4512000|4.4345|1|2024-04-26 15:27:57
4513000|5.9859|1|2024-04-26 15:27:57
4507000|3.2366|0|2024-04-26 15:28:02
4506000|3.943|0|2024-04-26 15:28:02
4505000|3.59|0|2024-04-26 15:28:02
4504000|1.269|0|2024-04-26 15:28:02
4502000|0.4378|0|2024-04-26 15:28:02
4508000|0.0443|1|2024-04-26 15:28:02
4510000|18.0112|1|2024-04-26 15:28:02
4511000|4.1087|1|2024-04-26 15:28:02
4512000|4.4365|1|2024-04-26 15:28:02
4513000|7.5645|1|2024-04-26 15:28:02
4507000|3.2366|0|2024-04-26 15:28:07
4506000|6.1573|0|2024-04-26 15:28:07
4505000|3.59|0|2024-04-26 15:28:07
4504000|1.269|0|2024-04-26 15:28:07
4502000|0.4378|0|2024-04-26 15:28:07
4508000|0.0443|1|2024-04-26 15:28:07
4510000|18.0112|1|2024-04-26 15:28:07
4511000|4.1067|1|2024-04-26 15:28:07
4512000|4.4365|1|2024-04-26 15:28:07
4513000|5.9859|1|2024-04-26 15:28:07
4507000|3.5895|0|2024-04-26 15:28:12
4506000|9.3943|0|2024-04-26 15:28:12
4502000|20.7878|0|2024-04-26 15:28:12
4501000|1.9072|0|2024-04-26 15:28:12
4500000|1.0|0|2024-04-26 15:28:12
4508000|0.0443|1|2024-04-26 15:28:12
4510000|0.0112|1|2024-04-26 15:28:12
4511000|19.0046|1|2024-04-26 15:28:12
4512000|4.4365|1|2024-04-26 15:28:12
4513000|5.0608|1|2024-04-26 15:28:12
4507000|7.178|0|2024-04-26 15:28:17
4506000|5.8043|0|2024-04-26 15:28:17
4505000|1.2689|0|2024-04-26 15:28:17
4502000|26.1378|0|2024-04-26 15:28:17
4501000|1.9072|0|2024-04-26 15:28:17
4508000|0.0443|1|2024-04-26 15:28:17
4510000|0.0112|1|2024-04-26 15:28:17
4511000|19.0046|1|2024-04-26 15:28:17
4512000|4.4365|1|2024-04-26 15:28:17
4513000|5.0608|1|2024-04-26 15:28:17
4507000|7.1598|0|2024-04-26 15:28:22
4506000|5.8043|0|2024-04-26 15:28:22
4505000|1.2689|0|2024-04-26 15:28:22
4504000|0.4475|0|2024-04-26 15:28:22
4502000|26.1378|0|2024-04-26 15:28:22
4510000|0.0112|1|2024-04-26 15:28:22
4511000|18.0046|1|2024-04-26 15:28:22
4512000|4.5386|1|2024-04-26 15:28:22
4513000|5.0608|1|2024-04-26 15:28:22
4514000|7.051|1|2024-04-26 15:28:22
4507000|3.2192|0|2024-04-26 15:28:27
4506000|3.59|0|2024-04-26 15:28:27
4505000|5.8043|0|2024-04-26 15:28:27
4504000|0.4475|0|2024-04-26 15:28:27
4502000|26.1378|0|2024-04-26 15:28:27
4510000|1.3875|1|2024-04-26 15:28:27
4511000|18.0046|1|2024-04-26 15:28:27
4512000|4.5386|1|2024-04-26 15:28:27
4513000|5.0608|1|2024-04-26 15:28:27
4514000|5.072|1|2024-04-26 15:28:27
4507000|3.2192|0|2024-04-26 15:28:32
4506000|0.3532|0|2024-04-26 15:28:32
4505000|7.18|0|2024-04-26 15:28:32
4504000|1.7166|0|2024-04-26 15:28:32
4502000|26.1378|0|2024-04-26 15:28:32
4510000|1.3875|1|2024-04-26 15:28:32
4511000|18.0046|1|2024-04-26 15:28:32
4512000|8.1266|1|2024-04-26 15:28:32
4513000|5.1528|1|2024-04-26 15:28:32
4514000|6.3393|1|2024-04-26 15:28:32
4507000|1.2192|0|2024-04-26 15:28:37
4505000|7.5328|0|2024-04-26 15:28:37
4504000|1.7168|0|2024-04-26 15:28:37
4502000|26.1378|0|2024-04-26 15:28:37
4501000|1.9072|0|2024-04-26 15:28:37
4510000|1.3829|1|2024-04-26 15:28:37
4511000|18.0046|1|2024-04-26 15:28:37
4512000|4.5386|1|2024-04-26 15:28:37
4513000|8.7436|1|2024-04-26 15:28:37
4514000|6.3413|1|2024-04-26 15:28:37
4507000|1.2192|0|2024-04-26 15:28:42
4506000|0.3531|0|2024-04-26 15:28:42
4505000|9.3943|0|2024-04-26 15:28:42
4504000|1.7168|0|2024-04-26 15:28:42
4502000|26.1378|0|2024-04-26 15:28:42
4510000|1.3829|1|2024-04-26 15:28:42
4511000|18.0046|1|2024-04-26 15:28:42
4512000|8.1266|1|2024-04-26 15:28:42
4513000|5.0588|1|2024-04-26 15:28:42
4514000|5.07|1|2024-04-26 15:28:42
4507000|3.4335|0|2024-04-26 15:28:47
4506000|0.3531|0|2024-04-26 15:28:47
4505000|7.18|0|2024-04-26 15:28:47
4503000|1.2694|0|2024-04-26 15:28:47
4502000|26.1378|0|2024-04-26 15:28:47
4509000|0.0061|1|2024-04-26 15:28:47
4510000|1.3829|1|2024-04-26 15:28:47
4511000|18.0046|1|2024-04-26 15:28:47
4512000|8.1266|1|2024-04-26 15:28:47
4513000|5.0608|1|2024-04-26 15:28:47
4507000|3.4335|0|2024-04-26 15:28:52
4506000|0.3531|0|2024-04-26 15:28:52
4505000|7.18|0|2024-04-26 15:28:52
4503000|1.2694|0|2024-04-26 15:28:52
4502000|26.1378|0|2024-04-26 15:28:52
4509000|0.0061|1|2024-04-26 15:28:52
4510000|1.3829|1|2024-04-26 15:28:52
4511000|18.0046|1|2024-04-26 15:28:52
4512000|8.1266|1|2024-04-26 15:28:52
4513000|5.0608|1|2024-04-26 15:28:52
4507000|3.4335|0|2024-04-26 15:28:57
4506000|0.3531|0|2024-04-26 15:28:57
4505000|7.18|0|2024-04-26 15:28:57
4504000|1.2693|0|2024-04-26 15:28:57
4502000|26.1378|0|2024-04-26 15:28:57
4509000|0.0061|1|2024-04-26 15:28:57
4510000|1.3829|1|2024-04-26 15:28:57
4511000|18.0046|1|2024-04-26 15:28:57
4512000|8.1266|1|2024-04-26 15:28:57
4513000|5.0608|1|2024-04-26 15:28:57
4507000|0.802|0|2024-04-26 15:29:02
4506000|0.3531|0|2024-04-26 15:29:02
4505000|9.3943|0|2024-04-26 15:29:02
4504000|1.2693|0|2024-04-26 15:29:02
4502000|26.1378|0|2024-04-26 15:29:02
4509000|0.0061|1|2024-04-26 15:29:02
4510000|1.3829|1|2024-04-26 15:29:02
4511000|18.0046|1|2024-04-26 15:29:02
4512000|8.1286|1|2024-04-26 15:29:02
4513000|5.0608|1|2024-04-26 15:29:02
4507000|0.0559|0|2024-04-26 15:29:07
4506000|0.3531|0|2024-04-26 15:29:07
4505000|5.8043|0|2024-04-26 15:29:07
4504000|4.8593|0|2024-04-26 15:29:07
4502000|26.1378|0|2024-04-26 15:29:07
4509000|0.0061|1|2024-04-26 15:29:07
4510000|1.3829|1|2024-04-26 15:29:07
4511000|21.5946|1|2024-04-26 15:29:07
4512000|4.5386|1|2024-04-26 15:29:07
4513000|8.6508|1|2024-04-26 15:29:07
4507000|0.0022|0|2024-04-26 15:29:12
4506000|0.3531|0|2024-04-26 15:29:12
4505000|5.8043|0|2024-04-26 15:29:12
4504000|4.8593|0|2024-04-26 15:29:12
4502000|26.1378|0|2024-04-26 15:29:12
4509000|0.0061|1|2024-04-26 15:29:12
4510000|1.3829|1|2024-04-26 15:29:12
4511000|21.5946|1|2024-04-26 15:29:12
4512000|4.5386|1|2024-04-26 15:29:12
4513000|8.6508|1|2024-04-26 15:29:12
4507000|0.0022|0|2024-04-26 15:29:17
4506000|0.3531|0|2024-04-26 15:29:17
4505000|5.8043|0|2024-04-26 15:29:17
4504000|4.8593|0|2024-04-26 15:29:17
4502000|20.7878|0|2024-04-26 15:29:17
4509000|0.0061|1|2024-04-26 15:29:17
4510000|1.3829|1|2024-04-26 15:29:17
4511000|21.5946|1|2024-04-26 15:29:17
4512000|4.5366|1|2024-04-26 15:29:17
4513000|8.6488|1|2024-04-26 15:29:17
4507000|0.0022|0|2024-04-26 15:29:22
4506000|2.2143|0|2024-04-26 15:29:22
4503000|0.3533|0|2024-04-26 15:29:22
4502000|4.0278|0|2024-04-26 15:29:22
4501000|19.0264|0|2024-04-26 15:29:22
4509000|0.0061|1|2024-04-26 15:29:22
4510000|4.3885|1|2024-04-26 15:29:22
4511000|19.0046|1|2024-04-26 15:29:22
4512000|4.5386|1|2024-04-26 15:29:22
4513000|7.9044|1|2024-04-26 15:29:22
4507000|0.0022|0|2024-04-26 15:29:27
4505000|2.5681|0|2024-04-26 15:29:27
4504000|3.59|0|2024-04-26 15:29:27
4502000|5.2976|0|2024-04-26 15:29:27
4501000|15.4364|0|2024-04-26 15:29:27
4509000|1.388|1|2024-04-26 15:29:27
4510000|4.0066|1|2024-04-26 15:29:27
4511000|19.0046|1|2024-04-26 15:29:27
4512000|8.1266|1|2024-04-26 15:29:27
4513000|7.9024|1|2024-04-26 15:29:27
4507000|0.0022|0|2024-04-26 15:29:32
4505000|2.2153|0|2024-04-26 15:29:32
4504000|7.18|0|2024-04-26 15:29:32
4503000|0.3533|0|2024-04-26 15:29:32
4502000|0.4378|0|2024-04-26 15:29:32
4509000|4.388|1|2024-04-26 15:29:32
4510000|7.5966|1|2024-04-26 15:29:32
4511000|19.0046|1|2024-04-26 15:29:32
4512000|8.1286|1|2024-04-26 15:29:32
4513000|5.0608|1|2024-04-26 15:29:32
4507000|0.0022|0|2024-04-26 15:29:37
4504000|7.18|0|2024-04-26 15:29:37
4503000|0.3533|0|2024-04-26 15:29:37
4502000|0.4378|0|2024-04-26 15:29:37
4501000|16.7063|0|2024-04-26 15:29:37
4509000|4.388|1|2024-04-26 15:29:37
4510000|7.5966|1|2024-04-26 15:29:37
4511000|19.0046|1|2024-04-26 15:29:37
4512000|9.3986|1|2024-04-26 15:29:37
4513000|5.0608|1|2024-04-26 15:29:37
4507000|0.0082|0|2024-04-26 15:29:42
4504000|7.18|0|2024-04-26 15:29:42
4503000|0.3533|0|2024-04-26 15:29:42
4502000|0.4378|0|2024-04-26 15:29:42
4501000|16.7063|0|2024-04-26 15:29:42
4508000|1.3819|1|2024-04-26 15:29:42
4509000|6.5961|1|2024-04-26 15:29:42
4510000|4.0066|1|2024-04-26 15:29:42
4511000|20.5438|1|2024-04-26 15:29:42
4512000|9.3986|1|2024-04-26 15:29:42
4503000|0.3528|0|2024-04-26 15:29:47
4502000|3.59|0|2024-04-26 15:29:47
4501000|22.0757|0|2024-04-26 15:29:47
4500000|5.35|0|2024-04-26 15:29:47
4499000|17.8282|0|2024-04-26 15:29:47
4504000|2.5215|1|2024-04-26 15:29:47
4506000|1.3904|1|2024-04-26 15:29:47
4507000|3.59|1|2024-04-26 15:29:47
4508000|0.4214|1|2024-04-26 15:29:47
4509000|7.0186|1|2024-04-26 15:29:47
4503000|0.3528|0|2024-04-26 15:29:52
4502000|3.59|0|2024-04-26 15:29:52
4501000|7.0757|0|2024-04-26 15:29:52
4500000|20.35|0|2024-04-26 15:29:52
4499000|17.8282|0|2024-04-26 15:29:52
4504000|2.4475|1|2024-04-26 15:29:52
4506000|1.3904|1|2024-04-26 15:29:52
4507000|11.29|1|2024-04-26 15:29:52
4508000|0.4214|1|2024-04-26 15:29:52
4509000|23.0186|1|2024-04-26 15:29:52
4503000|0.325|0|2024-04-26 15:29:57
4502000|3.59|0|2024-04-26 15:29:57
4501000|7.0757|0|2024-04-26 15:29:57
4500000|20.35|0|2024-04-26 15:29:57
4499000|17.8282|0|2024-04-26 15:29:57
4504000|2.1645|1|2024-04-26 15:29:57
4506000|1.3904|1|2024-04-26 15:29:57
4507000|11.29|1|2024-04-26 15:29:57
4508000|0.4214|1|2024-04-26 15:29:57
4509000|23.0186|1|2024-04-26 15:29:57
4502000|3.943|0|2024-04-26 15:30:02
4501000|2.2158|0|2024-04-26 15:30:02
4500000|1.2703|0|2024-04-26 15:30:02
4499000|30.0682|0|2024-04-26 15:30:02
4498000|1.4725|0|2024-04-26 15:30:02
4504000|2.0288|1|2024-04-26 15:30:02
4506000|4.9804|1|2024-04-26 15:30:02
4507000|7.8021|1|2024-04-26 15:30:02
4508000|3.4214|1|2024-04-26 15:30:02
4509000|23.0186|1|2024-04-26 15:30:02
4503000|0.3532|0|2024-04-26 15:30:07
4502000|3.59|0|2024-04-26 15:30:07
4501000|2.2158|0|2024-04-26 15:30:07
4500000|3.59|0|2024-04-26 15:30:07
4499000|16.4782|0|2024-04-26 15:30:07
4504000|2.0288|1|2024-04-26 15:30:07
4506000|3.59|1|2024-04-26 15:30:07
4507000|22.8021|1|2024-04-26 15:30:07
4508000|7.0114|1|2024-04-26 15:30:07
4509000|4.4286|1|2024-04-26 15:30:07
4503000|0.3532|0|2024-04-26 15:30:12
4502000|3.59|0|2024-04-26 15:30:12
4501000|3.4859|0|2024-04-26 15:30:12
4500000|3.59|0|2024-04-26 15:30:12
4499000|16.4782|0|2024-04-26 15:30:12
4504000|1.7681|1|2024-04-26 15:30:12
4507000|26.3921|1|2024-04-26 15:30:12
4508000|7.0114|1|2024-04-26 15:30:12
4509000|4.4286|1|2024-04-26 15:30:12
4510000|4.0066|1|2024-04-26 15:30:12
4503000|0.3532|0|2024-04-26 15:30:17
4502000|3.59|0|2024-04-26 15:30:17
4501000|2.2158|0|2024-04-26 15:30:17
4500000|4.8602|0|2024-04-26 15:30:17
4499000|16.4782|0|2024-04-26 15:30:17
4504000|1.6807|1|2024-04-26 15:30:17
4506000|1.3863|1|2024-04-26 15:30:17
4507000|26.3921|1|2024-04-26 15:30:17
4508000|7.0114|1|2024-04-26 15:30:17
4509000|4.4286|1|2024-04-26 15:30:17
4503000|0.3532|0|2024-04-26 15:30:22
4502000|7.0757|0|2024-04-26 15:30:22
4501000|3.59|0|2024-04-26 15:30:22
4499000|16.4782|0|2024-04-26 15:30:22
4498000|1.0|0|2024-04-26 15:30:22
4504000|1.6807|1|2024-04-26 15:30:22
4506000|1.3863|1|2024-04-26 15:30:22
4507000|7.8021|1|2024-04-26 15:30:22
4508000|18.4214|1|2024-04-26 15:30:22
4509000|8.0186|1|2024-04-26 15:30:22
4503000|0.3532|0|2024-04-26 15:30:27
4502000|7.0757|0|2024-04-26 15:30:27
4501000|3.59|0|2024-04-26 15:30:27
4499000|16.5671|0|2024-04-26 15:30:27
4498000|1.4727|0|2024-04-26 15:30:27
4504000|1.6807|1|2024-04-26 15:30:27
4506000|1.3863|1|2024-04-26 15:30:27
4507000|7.8021|1|2024-04-26 15:30:27
4508000|19.0114|1|2024-04-26 15:30:27
4509000|4.4286|1|2024-04-26 15:30:27
4504000|6.784|0|2024-04-26 15:30:32
4503000|2.569|0|2024-04-26 15:30:32
4502000|3.59|0|2024-04-26 15:30:32
4501000|0.4308|0|2024-04-26 15:30:32
4500000|5.35|0|2024-04-26 15:30:32
4507000|7.7|1|2024-04-26 15:30:32
4508000|18.59|1|2024-04-26 15:30:32
4509000|3.5307|1|2024-04-26 15:30:32
4510000|7.5966|1|2024-04-26 15:30:32
4511000|4.0066|1|2024-04-26 15:30:32
4504000|6.6067|0|2024-04-26 15:30:37
4502000|3.59|0|2024-04-26 15:30:37
4501000|0.4308|0|2024-04-26 15:30:37
4500000|5.35|0|2024-04-26 15:30:37
4499000|22.9171|0|2024-04-26 15:30:37
4507000|7.7|1|2024-04-26 15:30:37
4508000|18.59|1|2024-04-26 15:30:37
4509000|3.5307|1|2024-04-26 15:30:37
4510000|7.5966|1|2024-04-26 15:30:37
4511000|5.5805|1|2024-04-26 15:30:37
4504000|3.0167|0|2024-04-26 15:30:42
4503000|3.59|0|2024-04-26 15:30:42
4502000|6.1589|0|2024-04-26 15:30:42
4501000|1.7009|0|2024-04-26 15:30:42
4500000|5.35|0|2024-04-26 15:30:42
4507000|11.29|1|2024-04-26 15:30:42
4508000|15.0|1|2024-04-26 15:30:42
4509000|7.1207|1|2024-04-26 15:30:42
4510000|4.0066|1|2024-04-26 15:30:42
4511000|10.8|1|2024-04-26 15:30:42
4504000|3.0167|0|2024-04-26 15:30:47
4503000|3.59|0|2024-04-26 15:30:47
4502000|6.1589|0|2024-04-26 15:30:47
4501000|1.7009|0|2024-04-26 15:30:47
4500000|5.4166|0|2024-04-26 15:30:47
4507000|11.3524|1|2024-04-26 15:30:47
4508000|15.0|1|2024-04-26 15:30:47
4509000|8.1207|1|2024-04-26 15:30:47
4510000|4.0066|1|2024-04-26 15:30:47
4511000|10.798|1|2024-04-26 15:30:47
4504000|2.8287|0|2024-04-26 15:30:52
4503000|3.59|0|2024-04-26 15:30:52
4501000|4.3737|0|2024-04-26 15:30:52
4500000|5.4166|0|2024-04-26 15:30:52
4499000|21.9171|0|2024-04-26 15:30:52
4507000|11.3524|1|2024-04-26 15:30:52
4508000|15.0|1|2024-04-26 15:30:52
4509000|8.1207|1|2024-04-26 15:30:52
4510000|4.0066|1|2024-04-26 15:30:52
4511000|9.3566|1|2024-04-26 15:30:52
4504000|2.8287|0|2024-04-26 15:30:57
4503000|0.353|0|2024-04-26 15:30:57
4502000|7.0762|0|2024-04-26 15:30:57
4501000|4.0208|0|2024-04-26 15:30:57
4500000|0.0666|0|2024-04-26 15:30:57
4507000|7.7624|1|2024-04-26 15:30:57
4508000|15.0|1|2024-04-26 15:30:57
4509000|4.5307|1|2024-04-26 15:30:57
4510000|4.0066|1|2024-04-26 15:30:57
4511000|7.5946|1|2024-04-26 15:30:57
4504000|2.8132|0|2024-04-26 15:31:02
4503000|3.943|0|2024-04-26 15:31:02
4502000|3.4862|0|2024-04-26 15:31:02
4501000|4.0208|0|2024-04-26 15:31:02
4500000|0.0666|0|2024-04-26 15:31:02
4507000|7.7624|1|2024-04-26 15:31:02
4508000|18.59|1|2024-04-26 15:31:02
4509000|4.5307|1|2024-04-26 15:31:02
4510000|7.5966|1|2024-04-26 15:31:02
4511000|4.0066|1|2024-04-26 15:31:02
4504000|2.8132|0|2024-04-26 15:31:07
4503000|3.59|0|2024-04-26 15:31:07
4502000|2.5696|0|2024-04-26 15:31:07
4501000|5.291|0|2024-04-26 15:31:07
4500000|0.0666|0|2024-04-26 15:31:07
4507000|12.3525|1|2024-04-26 15:31:07
4508000|15.0|1|2024-04-26 15:31:07
4509000|8.1207|1|2024-04-26 15:31:07
4510000|4.0066|1|2024-04-26 15:31:07
4511000|9.3566|1|2024-04-26 15:31:07
4504000|2.8132|0|2024-04-26 15:31:12
4503000|3.59|0|2024-04-26 15:31:12
4502000|2.5696|0|2024-04-26 15:31:12
4501000|5.291|0|2024-04-26 15:31:12
4500000|0.0666|0|2024-04-26 15:31:12
4507000|12.3525|1|2024-04-26 15:31:12
4508000|15.0|1|2024-04-26 15:31:12
4509000|8.1207|1|2024-04-26 15:31:12
4510000|4.0066|1|2024-04-26 15:31:12
4511000|10.915|1|2024-04-26 15:31:12
4504000|2.8132|0|2024-04-26 15:31:17
4503000|3.59|0|2024-04-26 15:31:17
4502000|2.2163|0|2024-04-26 15:31:17
4501000|5.291|0|2024-04-26 15:31:17
4500000|0.4203|0|2024-04-26 15:31:17
4507000|12.3525|1|2024-04-26 15:31:17
4508000|15.0|1|2024-04-26 15:31:17
4509000|8.1207|1|2024-04-26 15:31:17
4510000|4.0066|1|2024-04-26 15:31:17
4511000|9.3566|1|2024-04-26 15:31:17
4504000|2.882|0|2024-04-26 15:31:22
4503000|3.59|0|2024-04-26 15:31:22
4501000|5.291|0|2024-04-26 15:31:22
4500000|0.4203|0|2024-04-26 15:31:22
4499000|21.9183|0|2024-04-26 15:31:22
4507000|12.2409|1|2024-04-26 15:31:22
4508000|15.0|1|2024-04-26 15:31:22
4509000|8.1146|1|2024-04-26 15:31:22
4510000|4.0066|1|2024-04-26 15:31:22
4511000|9.3566|1|2024-04-26 15:31:22
4504000|2.882|0|2024-04-26 15:31:27
4503000|3.59|0|2024-04-26 15:31:27
4502000|1.6234|0|2024-04-26 15:31:27
4501000|4.0208|0|2024-04-26 15:31:27
4500000|0.0666|0|2024-04-26 15:31:27
4507000|12.2309|1|2024-04-26 15:31:27
4508000|15.0|1|2024-04-26 15:31:27
4509000|8.1146|1|2024-04-26 15:31:27
4510000|4.0066|1|2024-04-26 15:31:27
4511000|9.3566|1|2024-04-26 15:31:27
4504000|6.4658|0|2024-04-26 15:31:32
4503000|3.4862|0|2024-04-26 15:31:32
4502000|18.9434|0|2024-04-26 15:31:32
4501000|0.4308|0|2024-04-26 15:31:32
4500000|5.4166|0|2024-04-26 15:31:32
4507000|8.6409|1|2024-04-26 15:31:32
4509000|22.1146|1|2024-04-26 15:31:32
4510000|4.0066|1|2024-04-26 15:31:32
4511000|7.5946|1|2024-04-26 15:31:32
4512000|4.4345|1|2024-04-26 15:31:32
4504000|6.4658|0|2024-04-26 15:31:37
4503000|1.2699|0|2024-04-26 15:31:37
4502000|6.1597|0|2024-04-26 15:31:37
4501000|0.4308|0|2024-04-26 15:31:37
4500000|20.4166|0|2024-04-26 15:31:37
4507000|8.6409|1|2024-04-26 15:31:37
4508000|3.59|1|2024-04-26 15:31:37
4509000|18.5246|1|2024-04-26 15:31:37
4510000|4.0066|1|2024-04-26 15:31:37
4511000|7.5966|1|2024-04-26 15:31:37
4504000|2.8758|0|2024-04-26 15:31:42
4503000|1.2699|0|2024-04-26 15:31:42
4502000|6.1597|0|2024-04-26 15:31:42
4501000|0.4308|0|2024-04-26 15:31:42
4500000|24.0111|0|2024-04-26 15:31:42
4507000|8.6409|1|2024-04-26 15:31:42
4509000|18.5246|1|2024-04-26 15:31:42
4510000|7.5966|1|2024-04-26 15:31:42
4511000|7.5946|1|2024-04-26 15:31:42
4512000|6.0084|1|2024-04-26 15:31:42
4504000|6.4658|0|2024-04-26 15:31:47
4503000|1.2699|0|2024-04-26 15:31:47
4502000|6.1597|0|2024-04-26 15:31:47
4501000|0.4308|0|2024-04-26 15:31:47
4500000|20.4211|0|2024-04-26 15:31:47
4507000|8.6409|1|2024-04-26 15:31:47
4508000|3.59|1|2024-04-26 15:31:47
4509000|18.5246|1|2024-04-26 15:31:47
4510000|4.0066|1|2024-04-26 15:31:47
4511000|7.5966|1|2024-04-26 15:31:47
4504000|6.4658|0|2024-04-26 15:31:52
4502000|7.4295|0|2024-04-26 15:31:52
4501000|0.4308|0|2024-04-26 15:31:52
4500000|20.4211|0|2024-04-26 15:31:52
4499000|7.9383|0|2024-04-26 15:31:52
4507000|8.6409|1|2024-04-26 15:31:52
4508000|3.59|1|2024-04-26 15:31:52
4509000|18.5246|1|2024-04-26 15:31:52
4510000|7.5966|1|2024-04-26 15:31:52
4511000|4.0066|1|2024-04-26 15:31:52
4504000|2.6502|0|2024-04-26 15:31:57
4501000|5.7392|0|2024-04-26 15:31:57
4500000|15.0711|0|2024-04-26 15:31:57
4499000|6.1783|0|2024-04-26 15:31:57
4498000|1.4727|0|2024-04-26 15:31:57
4507000|8.6409|1|2024-04-26 15:31:57
4508000|3.5914|1|2024-04-26 15:31:57
4509000|18.5246|1|2024-04-26 15:31:57
4510000|7.5966|1|2024-04-26 15:31:57
4511000|4.0066|1|2024-04-26 15:31:57
4504000|2.6502|0|2024-04-26 15:32:02
4503000|3.59|0|2024-04-26 15:32:02
4502000|3.4863|0|2024-04-26 15:32:02
4501000|4.3742|0|2024-04-26 15:32:02
4500000|15.0711|0|2024-04-26 15:32:02
4507000|12.2309|1|2024-04-26 15:32:02
4508000|0.0014|1|2024-04-26 15:32:02
4509000|18.5246|1|2024-04-26 15:32:02
4510000|7.5966|1|2024-04-26 15:32:02
4511000|4.0066|1|2024-04-26 15:32:02
4504000|2.6502|0|2024-04-26 15:32:07
4503000|3.59|0|2024-04-26 15:32:07
4502000|2.2163|0|2024-04-26 15:32:07
4501000|5.6443|0|2024-04-26 15:32:07
4500000|15.0711|0|2024-04-26 15:32:07
4507000|11.8079|1|2024-04-26 15:32:07
4508000|0.0014|1|2024-04-26 15:32:07
4509000|18.5246|1|2024-04-26 15:32:07
4510000|7.5966|1|2024-04-26 15:32:07
4511000|4.0066|1|2024-04-26 15:32:07
4504000|2.6502|0|2024-04-26 15:32:12
4503000|3.59|0|2024-04-26 15:32:12
4502000|2.5693|0|2024-04-26 15:32:12
4501000|5.2909|0|2024-04-26 15:32:12
4500000|15.0711|0|2024-04-26 15:32:12
4507000|11.8079|1|2024-04-26 15:32:12
4508000|0.0014|1|2024-04-26 15:32:12
4509000|18.5246|1|2024-04-26 15:32:12
4510000|7.5966|1|2024-04-26 15:32:12
4511000|4.0066|1|2024-04-26 15:32:12
4504000|2.6502|0|2024-04-26 15:32:17
4503000|3.59|0|2024-04-26 15:32:17
4502000|2.5693|0|2024-04-26 15:32:17
4501000|5.2909|0|2024-04-26 15:32:17
4500000|15.0711|0|2024-04-26 15:32:17
4507000|11.8079|1|2024-04-26 15:32:17
4508000|0.0014|1|2024-04-26 15:32:17
4509000|18.5246|1|2024-04-26 15:32:17
4510000|7.5966|1|2024-04-26 15:32:17
4511000|4.0046|1|2024-04-26 15:32:17
4504000|2.6502|0|2024-04-26 15:32:22
4503000|3.59|0|2024-04-26 15:32:22
4502000|2.5693|0|2024-04-26 15:32:22
4501000|5.2909|0|2024-04-26 15:32:22
4500000|15.0711|0|2024-04-26 15:32:22
4507000|11.8079|1|2024-04-26 15:32:22
4508000|0.0014|1|2024-04-26 15:32:22
4509000|18.5246|1|2024-04-26 15:32:22
4510000|7.5966|1|2024-04-26 15:32:22
4511000|4.0066|1|2024-04-26 15:32:22
4504000|2.6502|0|2024-04-26 15:32:27
4503000|3.59|0|2024-04-26 15:32:27
4502000|2.5693|0|2024-04-26 15:32:27
4501000|5.2909|0|2024-04-26 15:32:27
4500000|15.0711|0|2024-04-26 15:32:27
4507000|11.8079|1|2024-04-26 15:32:27
4508000|0.0014|1|2024-04-26 15:32:27
4509000|18.5246|1|2024-04-26 15:32:27
4510000|7.5966|1|2024-04-26 15:32:27
4511000|4.0046|1|2024-04-26 15:32:27
4504000|2.6502|0|2024-04-26 15:32:32
4503000|3.59|0|2024-04-26 15:32:32
4502000|2.5693|0|2024-04-26 15:32:32
4501000|5.2909|0|2024-04-26 15:32:32
4500000|15.0711|0|2024-04-26 15:32:32
4507000|11.4058|1|2024-04-26 15:32:32
4508000|3.0014|1|2024-04-26 15:32:32
4509000|23.1146|1|2024-04-26 15:32:32
4510000|4.0066|1|2024-04-26 15:32:32
4511000|5.5805|1|2024-04-26 15:32:32
4504000|2.6502|0|2024-04-26 15:32:37
4503000|3.59|0|2024-04-26 15:32:37
4502000|2.2163|0|2024-04-26 15:32:37
4501000|5.6444|0|2024-04-26 15:32:37
4500000|15.0711|0|2024-04-26 15:32:37
4507000|11.4058|1|2024-04-26 15:32:37
4508000|3.0014|1|2024-04-26 15:32:37
4509000|23.1146|1|2024-04-26 15:32:37
4510000|4.0066|1|2024-04-26 15:32:37
4511000|5.5805|1|2024-04-26 15:32:37
4504000|1.6347|0|2024-04-26 15:32:42
4503000|3.59|0|2024-04-26 15:32:42
4502000|2.2163|0|2024-04-26 15:32:42
4501000|5.6444|0|2024-04-26 15:32:42
4500000|15.0711|0|2024-04-26 15:32:42
4507000|11.4058|1|2024-04-26 15:32:42
4508000|3.0014|1|2024-04-26 15:32:42
4509000|23.1146|1|2024-04-26 15:32:42
4510000|4.0066|1|2024-04-26 15:32:42
4511000|5.5805|1|2024-04-26 15:32:42
4504000|1.6347|0|2024-04-26 15:32:47
4503000|3.59|0|2024-04-26 15:32:47
4502000|2.2163|0|2024-04-26 15:32:47
4501000|5.6444|0|2024-04-26 15:32:47
4500000|15.0711|0|2024-04-26 15:32:47
4507000|11.4058|1|2024-04-26 15:32:47
4508000|3.0014|1|2024-04-26 15:32:47
4509000|23.1146|1|2024-04-26 15:32:47
4510000|4.0086|1|2024-04-26 15:32:47
4511000|4.0066|1|2024-04-26 15:32:47
4504000|1.6347|0|2024-04-26 15:32:52
4503000|3.59|0|2024-04-26 15:32:52
4502000|2.2163|0|2024-04-26 15:32:52
4501000|5.6444|0|2024-04-26 15:32:52
4500000|15.0711|0|2024-04-26 15:32:52
4507000|11.4058|1|2024-04-26 15:32:52
4508000|3.0014|1|2024-04-26 15:32:52
4509000|23.1146|1|2024-04-26 15:32:52
4510000|4.0086|1|2024-04-26 15:32:52
4511000|4.0066|1|2024-04-26 15:32:52
4504000|1.6347|0|2024-04-26 15:32:57
4503000|3.59|0|2024-04-26 15:32:57
4502000|2.2163|0|2024-04-26 15:32:57
4501000|5.6444|0|2024-04-26 15:32:57
4500000|15.0711|0|2024-04-26 15:32:57
4507000|6.9794|1|2024-04-26 15:32:57
4508000|3.0014|1|2024-04-26 15:32:57
4509000|23.1146|1|2024-04-26 15:32:57
4510000|4.0086|1|2024-04-26 15:32:57
4511000|4.0066|1|2024-04-26 15:32:57
4504000|1.6347|0|2024-04-26 15:33:02
4503000|3.59|0|2024-04-26 15:33:02
4502000|2.2163|0|2024-04-26 15:33:02
4501000|5.6444|0|2024-04-26 15:33:02
4500000|15.0711|0|2024-04-26 15:33:02
4507000|6.9794|1|2024-04-26 15:33:02
4508000|3.0014|1|2024-04-26 15:33:02
4509000|23.1146|1|2024-04-26 15:33:02
4510000|4.0066|1|2024-04-26 15:33:02
4511000|4.0046|1|2024-04-26 15:33:02
4504000|1.6347|0|2024-04-26 15:33:07
4503000|3.59|0|2024-04-26 15:33:07
4502000|2.2163|0|2024-04-26 15:33:07
4501000|5.6444|0|2024-04-26 15:33:07
4500000|15.0711|0|2024-04-26 15:33:07
4507000|6.9349|1|2024-04-26 15:33:07
4508000|3.0014|1|2024-04-26 15:33:07
4509000|23.1146|1|2024-04-26 15:33:07
4510000|4.0066|1|2024-04-26 15:33:07
4511000|4.0066|1|2024-04-26 15:33:07
4504000|1.6461|0|2024-04-26 15:33:12
4503000|3.6959|0|2024-04-26 15:33:12
4502000|2.2163|0|2024-04-26 15:33:12
4501000|5.6444|0|2024-04-26 15:33:12
4500000|15.0711|0|2024-04-26 15:33:12
4507000|5.8416|1|2024-04-26 15:33:12
4508000|3.0014|1|2024-04-26 15:33:12
4509000|23.1146|1|2024-04-26 15:33:12
4510000|4.0066|1|2024-04-26 15:33:12
4511000|4.0046|1|2024-04-26 15:33:12
4504000|1.6461|0|2024-04-26 15:33:17
4503000|3.6959|0|2024-04-26 15:33:17
4502000|2.5695|0|2024-04-26 15:33:17
4501000|4.0208|0|2024-04-26 15:33:17
4500000|15.0711|0|2024-04-26 15:33:17
4507000|2.2505|1|2024-04-26 15:33:17
4508000|7.9635|1|2024-04-26 15:33:17
4509000|19.5246|1|2024-04-26 15:33:17
4510000|7.5966|1|2024-04-26 15:33:17
4511000|4.0066|1|2024-04-26 15:33:17
4504000|1.6461|0|2024-04-26 15:33:22
4503000|3.6959|0|2024-04-26 15:33:22
4502000|3.4863|0|2024-04-26 15:33:22
4501000|4.3737|0|2024-04-26 15:33:22
4500000|15.0711|0|2024-04-26 15:33:22
4507000|2.1712|1|2024-04-26 15:33:22
4508000|7.9635|1|2024-04-26 15:33:22
4509000|19.5246|1|2024-04-26 15:33:22
4510000|7.5966|1|2024-04-26 15:33:22
4511000|4.0066|1|2024-04-26 15:33:22
4504000|1.5742|0|2024-04-26 15:33:27
4500000|0.1775|0|2024-04-26 15:33:27
4499000|16.9421|0|2024-04-26 15:33:27
4498000|7.18|0|2024-04-26 15:33:27
4497000|1.7465|0|2024-04-26 15:33:27
4506000|1.3721|1|2024-04-26 15:33:27
4507000|17.1526|1|2024-04-26 15:33:27
4508000|4.0014|1|2024-04-26 15:33:27
4509000|11.7046|1|2024-04-26 15:33:27
4510000|4.0066|1|2024-04-26 15:33:27
4504000|1.4765|0|2024-04-26 15:33:32
4500000|3.7675|0|2024-04-26 15:33:32
4499000|20.5314|0|2024-04-26 15:33:32
4498000|1.2707|0|2024-04-26 15:33:32
4497000|1.7465|0|2024-04-26 15:33:32
4505000|3.59|1|2024-04-26 15:33:32
4506000|1.3721|1|2024-04-26 15:33:32
4507000|23.7426|1|2024-04-26 15:33:32
4508000|4.0014|1|2024-04-26 15:33:32
4509000|11.1453|1|2024-04-26 15:33:32
4504000|1.4765|0|2024-04-26 15:33:37
4500000|4.1211|0|2024-04-26 15:33:37
4499000|21.449|0|2024-04-26 15:33:37
4497000|1.7465|0|2024-04-26 15:33:37
4496000|7.2877|0|2024-04-26 15:33:37
4505000|3.59|1|2024-04-26 15:33:37
4506000|1.3721|1|2024-04-26 15:33:37
4507000|23.9647|1|2024-04-26 15:33:37
4508000|4.0014|1|2024-04-26 15:33:37
4509000|11.0432|1|2024-04-26 15:33:37
4500000|2.2874|0|2024-04-26 15:33:42
4499000|1.5169|0|2024-04-26 15:33:42
4498000|4.861|0|2024-04-26 15:33:42
4497000|16.169|0|2024-04-26 15:33:42
4496000|10.8777|0|2024-04-26 15:33:42
4505000|1.3797|1|2024-04-26 15:33:42
4506000|4.0114|1|2024-04-26 15:33:42
4507000|25.0668|1|2024-04-26 15:33:42
4508000|4.0014|1|2024-04-26 15:33:42
4509000|11.0432|1|2024-04-26 15:33:42
4500000|5.8774|0|2024-04-26 15:33:47
4499000|1.5169|0|2024-04-26 15:33:47
4498000|4.861|0|2024-04-26 15:33:47
4497000|16.169|0|2024-04-26 15:33:47
4496000|7.2877|0|2024-04-26 15:33:47
4505000|4.9697|1|2024-04-26 15:33:47
4506000|0.4214|1|2024-04-26 15:33:47
4507000|24.8447|1|2024-04-26 15:33:47
4508000|4.0014|1|2024-04-26 15:33:47
4509000|11.0432|1|2024-04-26 15:33:47
4500000|5.8774|0|2024-04-26 15:33:52
4499000|1.5169|0|2024-04-26 15:33:52
4498000|4.861|0|2024-04-26 15:33:52
4497000|16.169|0|2024-04-26 15:33:52
4496000|7.2877|0|2024-04-26 15:33:52
4505000|4.9697|1|2024-04-26 15:33:52
4506000|0.4214|1|2024-04-26 15:33:52
4507000|24.8447|1|2024-04-26 15:33:52
4508000|4.0014|1|2024-04-26 15:33:52
4509000|11.0432|1|2024-04-26 15:33:52
4501000|3.59|0|2024-04-26 15:33:57
4500000|2.7523|0|2024-04-26 15:33:57
4499000|6.0244|0|2024-04-26 15:33:57
4497000|16.169|0|2024-04-26 15:33:57
4496000|12.6377|0|2024-04-26 15:33:57
4505000|3.59|1|2024-04-26 15:33:57
4506000|1.3797|1|2024-04-26 15:33:57
4507000|25.5185|1|2024-04-26 15:33:57
4508000|6.2221|1|2024-04-26 15:33:57
4509000|9.7725|1|2024-04-26 15:33:57
4501000|3.59|0|2024-04-26 15:34:02
4500000|2.7523|0|2024-04-26 15:34:02
4499000|6.0244|0|2024-04-26 15:34:02
4497000|16.169|0|2024-04-26 15:34:02
4496000|12.6377|0|2024-04-26 15:34:02
4505000|2.59|1|2024-04-26 15:34:02
4506000|1.3797|1|2024-04-26 15:34:02
4507000|25.5185|1|2024-04-26 15:34:02
4508000|6.2221|1|2024-04-26 15:34:02
4509000|9.7725|1|2024-04-26 15:34:02
4502000|3.59|0|2024-04-26 15:34:07
4500000|2.7523|0|2024-04-26 15:34:07
4499000|6.4538|0|2024-04-26 15:34:07
4497000|16.169|0|2024-04-26 15:34:07
4496000|12.6377|0|2024-04-26 15:34:07
4506000|4.9697|1|2024-04-26 15:34:07
4507000|25.2964|1|2024-04-26 15:34:07
4508000|6.2221|1|2024-04-26 15:34:07
4509000|9.7725|1|2024-04-26 15:34:07
4510000|12.606|1|2024-04-26 15:34:07
4501000|2.2168|0|2024-04-26 15:34:12
4500000|0.5355|0|2024-04-26 15:34:12
4499000|5.1831|0|2024-04-26 15:34:12
4497000|16.169|0|2024-04-26 15:34:12
4496000|12.6377|0|2024-04-26 15:34:12
4506000|1.6018|1|2024-04-26 15:34:12
4507000|25.2964|1|2024-04-26 15:34:12
4508000|6.2221|1|2024-04-26 15:34:12
4509000|9.7725|1|2024-04-26 15:34:12
4510000|11.3354|1|2024-04-26 15:34:12
4501000|3.59|0|2024-04-26 15:34:17
4500000|0.5355|0|2024-04-26 15:34:17
4499000|1.2735|0|2024-04-26 15:34:17
4498000|4.8609|0|2024-04-26 15:34:17
4497000|16.169|0|2024-04-26 15:34:17
4505000|4.9728|1|2024-04-26 15:34:17
4506000|0.2221|1|2024-04-26 15:34:17
4507000|25.2964|1|2024-04-26 15:34:17
4508000|6.2221|1|2024-04-26 15:34:17
4509000|11.0434|1|2024-04-26 15:34:17
4500000|2.399|0|2024-04-26 15:34:22
4499000|1.5174|0|2024-04-26 15:34:22
4498000|4.0539|0|2024-04-26 15:34:22
4497000|16.169|0|2024-04-26 15:34:22
4496000|7.2877|0|2024-04-26 15:34:22
4505000|1.385|1|2024-04-26 15:34:22
4506000|3.8121|1|2024-04-26 15:34:22
4507000|21.7064|1|2024-04-26 15:34:22
4508000|7.4932|1|2024-04-26 15:34:22
4509000|9.7725|1|2024-04-26 15:34:22
4499000|7.3246|0|2024-04-26 15:34:27
4498000|4.861|0|2024-04-26 15:34:27
4497000|15.7465|0|2024-04-26 15:34:27
4496000|6.85|0|2024-04-26 15:34:27
4495000|11.9808|0|2024-04-26 15:34:27
4500000|12.1543|1|2024-04-26 15:34:27
4504000|4.0292|1|2024-04-26 15:34:27
4505000|0.0022|1|2024-04-26 15:34:27
4506000|3.8121|1|2024-04-26 15:34:27
4507000|21.6043|1|2024-04-26 15:34:27
4499000|1.1637|0|2024-04-26 15:34:32
4498000|6.1604|0|2024-04-26 15:34:32
4497000|0.7465|0|2024-04-26 15:34:32
4496000|4.09|0|2024-04-26 15:34:32
4495000|26.5072|0|2024-04-26 15:34:32
4500000|9.9836|1|2024-04-26 15:34:32
4503000|0.1021|1|2024-04-26 15:34:32
4504000|0.4392|1|2024-04-26 15:34:32
4505000|21.59|1|2024-04-26 15:34:32
4506000|7.8121|1|2024-04-26 15:34:32
4499000|1.1637|0|2024-04-26 15:34:37
4498000|6.1609|0|2024-04-26 15:34:37
4497000|5.6078|0|2024-04-26 15:34:37
4496000|0.5|0|2024-04-26 15:34:37
4495000|26.5072|0|2024-04-26 15:34:37
4500000|8.2493|1|2024-04-26 15:34:37
4503000|0.1021|1|2024-04-26 15:34:37
4504000|4.0292|1|2024-04-26 15:34:37
4505000|21.59|1|2024-04-26 15:34:37
4506000|4.2221|1|2024-04-26 15:34:37
4499000|3.3809|0|2024-04-26 15:34:42
4498000|3.9432|0|2024-04-26 15:34:42
4497000|5.6078|0|2024-04-26 15:34:42
4496000|0.5|0|2024-04-26 15:34:42
4495000|26.5072|0|2024-04-26 15:34:42
4500000|7.9493|1|2024-04-26 15:34:42
4503000|0.1021|1|2024-04-26 15:34:42
4504000|4.0292|1|2024-04-26 15:34:42
4505000|21.59|1|2024-04-26 15:34:42
4506000|4.2221|1|2024-04-26 15:34:42
4499000|1.1637|0|2024-04-26 15:34:47
4498000|6.1604|0|2024-04-26 15:34:47
4497000|5.6078|0|2024-04-26 15:34:47
4496000|0.5|0|2024-04-26 15:34:47
4495000|26.5072|0|2024-04-26 15:34:47
4500000|7.6605|1|2024-04-26 15:34:47
4503000|0.1021|1|2024-04-26 15:34:47
4504000|4.0292|1|2024-04-26 15:34:47
4505000|21.59|1|2024-04-26 15:34:47
4506000|4.2221|1|2024-04-26 15:34:47
4499000|1.1614|0|2024-04-26 15:34:52
4498000|3.9432|0|2024-04-26 15:34:52
4497000|7.8255|0|2024-04-26 15:34:52
4496000|0.5|0|2024-04-26 15:34:52
4495000|26.5072|0|2024-04-26 15:34:52
4500000|5.2739|1|2024-04-26 15:34:52
4502000|1.3948|1|2024-04-26 15:34:52
4503000|3.6921|1|2024-04-26 15:34:52
4504000|0.4392|1|2024-04-26 15:34:52
4505000|21.59|1|2024-04-26 15:34:52
4499000|1.1614|0|2024-04-26 15:34:57
4498000|6.1609|0|2024-04-26 15:34:57
4497000|5.6078|0|2024-04-26 15:34:57
4496000|0.5|0|2024-04-26 15:34:57
4495000|26.5072|0|2024-04-26 15:34:57
4500000|5.0251|1|2024-04-26 15:34:57
4502000|1.3948|1|2024-04-26 15:34:57
4503000|3.6921|1|2024-04-26 15:34:57
4504000|0.4392|1|2024-04-26 15:34:57
4505000|21.59|1|2024-04-26 15:34:57
4499000|1.1614|0|2024-04-26 15:35:02
4498000|3.9432|0|2024-04-26 15:35:02
4497000|7.8255|0|2024-04-26 15:35:02
4496000|0.5|0|2024-04-26 15:35:02
4495000|26.5072|0|2024-04-26 15:35:02
4500000|4.6035|1|2024-04-26 15:35:02
4502000|1.3948|1|2024-04-26 15:35:02
4503000|18.6921|1|2024-04-26 15:35:02
4504000|0.4392|1|2024-04-26 15:35:02
4505000|6.59|1|2024-04-26 15:35:02
4499000|1.1503|0|2024-04-26 15:35:07
4498000|3.9437|0|2024-04-26 15:35:07
4497000|6.5542|0|2024-04-26 15:35:07
4496000|1.7715|0|2024-04-26 15:35:07
4495000|11.5072|0|2024-04-26 15:35:07
4500000|4.3761|1|2024-04-26 15:35:07
4502000|1.3948|1|2024-04-26 15:35:07
4503000|18.6921|1|2024-04-26 15:35:07
4504000|0.4392|1|2024-04-26 15:35:07
4505000|6.59|1|2024-04-26 15:35:07
4499000|1.5035|0|2024-04-26 15:35:12
4498000|3.59|0|2024-04-26 15:35:12
4497000|2.9642|0|2024-04-26 15:35:12
4496000|1.7715|0|2024-04-26 15:35:12
4495000|14.0972|0|2024-04-26 15:35:12
4500000|3.8806|1|2024-04-26 15:35:12
4502000|1.3948|1|2024-04-26 15:35:12
4503000|15.1021|1|2024-04-26 15:35:12
4504000|3.4392|1|2024-04-26 15:35:12
4505000|7.59|1|2024-04-26 15:35:12
4499000|1.1503|0|2024-04-26 15:35:17
4498000|3.9433|0|2024-04-26 15:35:17
4497000|2.9642|0|2024-04-26 15:35:17
4496000|5.3615|0|2024-04-26 15:35:17
4495000|10.5072|0|2024-04-26 15:35:17
4500000|3.5001|1|2024-04-26 15:35:17
4502000|4.9848|1|2024-04-26 15:35:17
4503000|15.1021|1|2024-04-26 15:35:17
4504000|3.4392|1|2024-04-26 15:35:17
4505000|7.59|1|2024-04-26 15:35:17
4499000|1.1503|0|2024-04-26 15:35:22
4498000|3.9433|0|2024-04-26 15:35:22
4497000|2.9642|0|2024-04-26 15:35:22
4496000|5.3615|0|2024-04-26 15:35:22
4495000|10.5072|0|2024-04-26 15:35:22
4500000|3.2514|1|2024-04-26 15:35:22
4502000|4.9848|1|2024-04-26 15:35:22
4503000|15.1021|1|2024-04-26 15:35:22
4504000|3.4392|1|2024-04-26 15:35:22
4505000|7.59|1|2024-04-26 15:35:22
4499000|1.1503|0|2024-04-26 15:35:27
4498000|0.3533|0|2024-04-26 15:35:27
4497000|2.9642|0|2024-04-26 15:35:27
4496000|4.09|0|2024-04-26 15:35:27
4495000|11.7789|0|2024-04-26 15:35:27
4500000|3.1626|1|2024-04-26 15:35:27
4501000|1.3763|1|2024-04-26 15:35:27
4502000|3.59|1|2024-04-26 15:35:27
4503000|15.1021|1|2024-04-26 15:35:27
4504000|8.0292|1|2024-04-26 15:35:27
4499000|1.3166|0|2024-04-26 15:35:32
4497000|3.3184|0|2024-04-26 15:35:32
4496000|1.7538|0|2024-04-26 15:35:32
4495000|4.0972|0|2024-04-26 15:35:32
4494000|1.6962|0|2024-04-26 15:35:32
4500000|3.0831|1|2024-04-26 15:35:32
4501000|16.3763|1|2024-04-26 15:35:32
4502000|3.59|1|2024-04-26 15:35:32
4503000|3.1021|1|2024-04-26 15:35:32
4504000|8.0292|1|2024-04-26 15:35:32
4499000|1.3166|0|2024-04-26 15:35:37
4497000|1.1002|0|2024-04-26 15:35:37
4496000|5.3438|0|2024-04-26 15:35:37
4495000|4.0972|0|2024-04-26 15:35:37
4494000|1.6962|0|2024-04-26 15:35:37
4500000|2.4268|1|2024-04-26 15:35:37
4501000|19.9663|1|2024-04-26 15:35:37
4503000|6.6921|1|2024-04-26 15:35:37
4504000|4.4392|1|2024-04-26 15:35:37
4505000|10.622|1|2024-04-26 15:35:37
4499000|1.3005|0|2024-04-26 15:35:42
4497000|1.1002|0|2024-04-26 15:35:42
4496000|0.5|0|2024-04-26 15:35:42
4495000|5.3361|0|2024-04-26 15:35:42
4494000|5.2842|0|2024-04-26 15:35:42
4500000|7.3768|1|2024-04-26 15:35:42
4501000|15.0|1|2024-04-26 15:35:42
4502000|6.59|1|2024-04-26 15:35:42
4503000|4.543|1|2024-04-26 15:35:42
4504000|4.4392|1|2024-04-26 15:35:42
4497000|0.6701|0|2024-04-26 15:35:47
4496000|0.8539|0|2024-04-26 15:35:47
4495000|2.7264|0|2024-04-26 15:35:47
4494000|3.5955|0|2024-04-26 15:35:47
4493000|0.7162|0|2024-04-26 15:35:47
4499000|4.8333|1|2024-04-26 15:35:47
4500000|6.0168|1|2024-04-26 15:35:47
4501000|18.5448|1|2024-04-26 15:35:47
4502000|10.2039|1|2024-04-26 15:35:47
4503000|4.4409|1|2024-04-26 15:35:47
4497000|0.6701|0|2024-04-26 15:35:52
4496000|0.8539|0|2024-04-26 15:35:52
4495000|2.7264|0|2024-04-26 15:35:52
4494000|3.5935|0|2024-04-26 15:35:52
4493000|0.7142|0|2024-04-26 15:35:52
4499000|1.359|1|2024-04-26 15:35:52
4500000|6.0168|1|2024-04-26 15:35:52
4501000|18.5448|1|2024-04-26 15:35:52
4502000|9.35|1|2024-04-26 15:35:52
4503000|5.7134|1|2024-04-26 15:35:52
4497000|1.0398|0|2024-04-26 15:35:57
4496000|0.5|0|2024-04-26 15:35:57
4495000|6.3169|0|2024-04-26 15:35:57
4494000|0.0055|0|2024-04-26 15:35:57
4493000|5.5787|0|2024-04-26 15:35:57
4499000|1.3468|1|2024-04-26 15:35:57
4500000|9.6053|1|2024-04-26 15:35:57
4501000|18.5448|1|2024-04-26 15:35:57
4502000|9.35|1|2024-04-26 15:35:57
4503000|4.4409|1|2024-04-26 15:35:57
4497000|1.0213|0|2024-04-26 15:36:02
4496000|0.5|0|2024-04-26 15:36:02
4495000|6.3169|0|2024-04-26 15:36:02
4494000|0.0035|0|2024-04-26 15:36:02
4493000|5.5767|0|2024-04-26 15:36:02
4499000|1.3468|1|2024-04-26 15:36:02
4500000|9.6053|1|2024-04-26 15:36:02
4501000|18.5448|1|2024-04-26 15:36:02
4502000|9.35|1|2024-04-26 15:36:02
4503000|4.4409|1|2024-04-26 15:36:02
4497000|0.6677|0|2024-04-26 15:36:07
4496000|0.8534|0|2024-04-26 15:36:07
4495000|6.3169|0|2024-04-26 15:36:07
4494000|0.0035|0|2024-04-26 15:36:07
4493000|5.5788|0|2024-04-26 15:36:07
4499000|4.9073|1|2024-04-26 15:36:07
4500000|6.0153|1|2024-04-26 15:36:07
4501000|18.5448|1|2024-04-26 15:36:07
4502000|9.35|1|2024-04-26 15:36:07
4503000|4.4409|1|2024-04-26 15:36:07
4497000|0.6606|0|2024-04-26 15:36:12
4496000|0.5|0|2024-04-26 15:36:12
4495000|2.7269|0|2024-04-26 15:36:12
4494000|0.3593|0|2024-04-26 15:36:12
4493000|0.9789|0|2024-04-26 15:36:12
4499000|4.9073|1|2024-04-26 15:36:12
4500000|6.4253|1|2024-04-26 15:36:12
4501000|19.5448|1|2024-04-26 15:36:12
4502000|9.35|1|2024-04-26 15:36:12
4503000|4.4409|1|2024-04-26 15:36:12
4497000|0.0008|0|2024-04-26 15:36:17
4496000|0.5|0|2024-04-26 15:36:17
4495000|2.7269|0|2024-04-26 15:36:17
4494000|0.3593|0|2024-04-26 15:36:17
4493000|4.3062|0|2024-04-26 15:36:17
4498000|1.359|1|2024-04-26 15:36:17
4499000|21.59|1|2024-04-26 15:36:17
4500000|6.4253|1|2024-04-26 15:36:17
4501000|4.5448|1|2024-04-26 15:36:17
4502000|9.35|1|2024-04-26 15:36:17
4496000|0.41|0|2024-04-26 15:36:22
4495000|0.5072|0|2024-04-26 15:36:22
4494000|0.0035|0|2024-04-26 15:36:22
4493000|1.0103|0|2024-04-26 15:36:22
4492000|4.1178|0|2024-04-26 15:36:22
4497000|3.1381|1|2024-04-26 15:36:22
4498000|1.34|1|2024-04-26 15:36:22
4499000|21.59|1|2024-04-26 15:36:22
4500000|4.0123|1|2024-04-26 15:36:22
4501000|11.1679|1|2024-04-26 15:36:22
4496000|0.41|0|2024-04-26 15:36:27
4495000|0.861|0|2024-04-26 15:36:27
4494000|2.2232|0|2024-04-26 15:36:27
4493000|1.0083|0|2024-04-26 15:36:27
4492000|4.1158|0|2024-04-26 15:36:27
4497000|3.066|1|2024-04-26 15:36:27
4498000|1.34|1|2024-04-26 15:36:27
4499000|21.59|1|2024-04-26 15:36:27
4500000|4.0123|1|2024-04-26 15:36:27
4501000|11.1679|1|2024-04-26 15:36:27
4496000|0.4086|0|2024-04-26 15:36:32
4495000|0.861|0|2024-04-26 15:36:32
4494000|2.2232|0|2024-04-26 15:36:32
4493000|4.6003|0|2024-04-26 15:36:32
4492000|0.5278|0|2024-04-26 15:36:32
4497000|2.981|1|2024-04-26 15:36:32
4498000|1.34|1|2024-04-26 15:36:32
4499000|21.59|1|2024-04-26 15:36:32
4500000|4.0123|1|2024-04-26 15:36:32
4501000|11.1679|1|2024-04-26 15:36:32
4496000|0.4086|0|2024-04-26 15:36:37
4495000|0.861|0|2024-04-26 15:36:37
4494000|2.2232|0|2024-04-26 15:36:37
4493000|4.5983|0|2024-04-26 15:36:37
4492000|0.5258|0|2024-04-26 15:36:37
4497000|2.981|1|2024-04-26 15:36:37
4498000|1.34|1|2024-04-26 15:36:37
4499000|21.59|1|2024-04-26 15:36:37
4500000|4.0123|1|2024-04-26 15:36:37
4501000|11.1679|1|2024-04-26 15:36:37
4496000|0.4086|0|2024-04-26 15:36:42
4495000|0.861|0|2024-04-26 15:36:42
4494000|2.2232|0|2024-04-26 15:36:42
4493000|4.6003|0|2024-04-26 15:36:42
4492000|0.5278|0|2024-04-26 15:36:42
4497000|2.981|1|2024-04-26 15:36:42
4498000|1.34|1|2024-04-26 15:36:42
4499000|21.59|1|2024-04-26 15:36:42
4500000|4.0123|1|2024-04-26 15:36:42
4501000|11.1679|1|2024-04-26 15:36:42
4495000|0.5072|0|2024-04-26 15:36:47
4494000|0.3571|0|2024-04-26 15:36:47
4493000|6.5264|0|2024-04-26 15:36:47
4492000|0.0723|0|2024-04-26 15:36:47
4491000|15.5969|0|2024-04-26 15:36:47
4497000|2.9578|1|2024-04-26 15:36:47
4498000|1.34|1|2024-04-26 15:36:47
4499000|22.0264|1|2024-04-26 15:36:47
4500000|4.0123|1|2024-04-26 15:36:47
4501000|11.1679|1|2024-04-26 15:36:47
4495000|0.5072|0|2024-04-26 15:36:52
4494000|0.3575|0|2024-04-26 15:36:52
4493000|2.9364|0|2024-04-26 15:36:52
4492000|0.0723|0|2024-04-26 15:36:52
4491000|1.019|0|2024-04-26 15:36:52
4497000|1.8525|1|2024-04-26 15:36:52
4498000|4.34|1|2024-04-26 15:36:52
4499000|23.1285|1|2024-04-26 15:36:52
4500000|5.2856|1|2024-04-26 15:36:52
4501000|9.7927|1|2024-04-26 15:36:52
4495000|0.4172|0|2024-04-26 15:36:57
4494000|0.3575|0|2024-04-26 15:36:57
4493000|2.9364|0|2024-04-26 15:36:57
4492000|3.6623|0|2024-04-26 15:36:57
4491000|0.0897|0|2024-04-26 15:36:57
4496000|3.59|1|2024-04-26 15:36:57
4497000|1.4348|1|2024-04-26 15:36:57
4498000|6.59|1|2024-04-26 15:36:57
4499000|19.5385|1|2024-04-26 15:36:57
4500000|10.6356|1|2024-04-26 15:36:57
4495000|0.4172|0|2024-04-26 15:37:02
4494000|0.3575|0|2024-04-26 15:37:02
4493000|2.9344|0|2024-04-26 15:37:02
4492000|3.6603|0|2024-04-26 15:37:02
4491000|0.0897|0|2024-04-26 15:37:02
4496000|3.3702|1|2024-04-26 15:37:02
4497000|1.4348|1|2024-04-26 15:37:02
4498000|6.59|1|2024-04-26 15:37:02
4499000|19.5385|1|2024-04-26 15:37:02
4500000|10.6356|1|2024-04-26 15:37:02
4495000|0.4172|0|2024-04-26 15:37:07
4494000|0.3575|0|2024-04-26 15:37:07
4493000|3.8622|0|2024-04-26 15:37:07
4492000|3.6623|0|2024-04-26 15:37:07
4491000|0.0897|0|2024-04-26 15:37:07
4496000|3.305|1|2024-04-26 15:37:07
4497000|1.4348|1|2024-04-26 15:37:07
4498000|6.59|1|2024-04-26 15:37:07
4499000|19.5385|1|2024-04-26 15:37:07
4500000|10.6356|1|2024-04-26 15:37:07
4493000|0.5037|0|2024-04-26 15:37:12
4492000|3.6603|0|2024-04-26 15:37:12
4491000|1.0155|0|2024-04-26 15:37:12
4490000|5.634|0|2024-04-26 15:37:12
4489000|15.7251|0|2024-04-26 15:37:12
4496000|3.305|1|2024-04-26 15:37:12
4497000|1.4348|1|2024-04-26 15:37:12
4498000|6.59|1|2024-04-26 15:37:12
4499000|19.5385|1|2024-04-26 15:37:12
4500000|10.6356|1|2024-04-26 15:37:12
4493000|0.354|0|2024-04-26 15:37:17
4492000|3.6603|0|2024-04-26 15:37:17
4491000|1.0233|0|2024-04-26 15:37:17
4490000|6.9095|0|2024-04-26 15:37:17
4489000|15.7271|0|2024-04-26 15:37:17
4496000|3.305|1|2024-04-26 15:37:17
4497000|1.4348|1|2024-04-26 15:37:17
4498000|6.59|1|2024-04-26 15:37:17
4499000|19.5385|1|2024-04-26 15:37:17
4500000|10.6356|1|2024-04-26 15:37:17
4493000|0.3154|0|2024-04-26 15:37:22
4492000|5.88|0|2024-04-26 15:37:22
4491000|0.0877|0|2024-04-26 15:37:22
4490000|5.634|0|2024-04-26 15:37:22
4489000|16.9985|0|2024-04-26 15:37:22
4496000|3.305|1|2024-04-26 15:37:22
4497000|1.4348|1|2024-04-26 15:37:22
4498000|6.59|1|2024-04-26 15:37:22
4499000|19.5385|1|2024-04-26 15:37:22
4500000|10.6356|1|2024-04-26 15:37:22
4493000|0.3154|0|2024-04-26 15:37:27
4492000|3.6603|0|2024-04-26 15:37:27
4491000|1.2692|0|2024-04-26 15:37:27
4490000|6.9094|0|2024-04-26 15:37:27
4489000|15.7271|0|2024-04-26 15:37:27
4496000|3.2766|1|2024-04-26 15:37:27
4497000|1.4348|1|2024-04-26 15:37:27
4498000|6.59|1|2024-04-26 15:37:27
4499000|19.5385|1|2024-04-26 15:37:27
4500000|10.6356|1|2024-04-26 15:37:27
4493000|5.0851|0|2024-04-26 15:37:32
4492000|2.2925|0|2024-04-26 15:37:32
4491000|19.9528|0|2024-04-26 15:37:32
4490000|1.416|0|2024-04-26 15:37:32
4489000|1.7321|0|2024-04-26 15:37:32
4497000|0.0936|1|2024-04-26 15:37:32
4498000|4.9389|1|2024-04-26 15:37:32
4499000|19.5385|1|2024-04-26 15:37:32
4500000|9.3623|1|2024-04-26 15:37:32
4501000|11.0658|1|2024-04-26 15:37:32
4493000|5.0851|0|2024-04-26 15:37:37
4492000|2.2925|0|2024-04-26 15:37:37
4491000|19.9528|0|2024-04-26 15:37:37
4490000|1.416|0|2024-04-26 15:37:37
4489000|1.7321|0|2024-04-26 15:37:37
4497000|0.0936|1|2024-04-26 15:37:37
4498000|4.9389|1|2024-04-26 15:37:37
4499000|19.5385|1|2024-04-26 15:37:37
4500000|12.9523|1|2024-04-26 15:37:37
4501000|9.7927|1|2024-04-26 15:37:37
4493000|5.0828|0|2024-04-26 15:37:42
4492000|2.2925|0|2024-04-26 15:37:42
4491000|19.9528|0|2024-04-26 15:37:42
4490000|1.416|0|2024-04-26 15:37:42
4489000|1.7321|0|2024-04-26 15:37:42
4497000|0.0936|1|2024-04-26 15:37:42
4498000|4.9429|1|2024-04-26 15:37:42
4499000|18.5385|1|2024-04-26 15:37:42
4500000|7.6023|1|2024-04-26 15:37:42
4501000|4.4427|1|2024-04-26 15:37:42
4493000|5.0828|0|2024-04-26 15:37:47
4492000|2.2905|0|2024-04-26 15:37:47
4491000|19.9508|0|2024-04-26 15:37:47
4490000|1.416|0|2024-04-26 15:37:47
4489000|1.7321|0|2024-04-26 15:37:47
4497000|0.0711|1|2024-04-26 15:37:47
4498000|4.9429|1|2024-04-26 15:37:47
4499000|18.5385|1|2024-04-26 15:37:47
4500000|7.6023|1|2024-04-26 15:37:47
4501000|4.4427|1|2024-04-26 15:37:47
4493000|5.0828|0|2024-04-26 15:37:52
4492000|2.2925|0|2024-04-26 15:37:52
4491000|3.6797|0|2024-04-26 15:37:52
4490000|16.416|0|2024-04-26 15:37:52
4489000|1.7321|0|2024-04-26 15:37:52
4498000|1.3489|1|2024-04-26 15:37:52
4499000|18.5385|1|2024-04-26 15:37:52
4500000|7.6023|1|2024-04-26 15:37:52
4501000|4.4427|1|2024-04-26 15:37:52
4502000|4.0|1|2024-04-26 15:37:52
4493000|1.1797|0|2024-04-26 15:37:57
4492000|2.2905|0|2024-04-26 15:37:57
4491000|0.4419|0|2024-04-26 15:37:57
4490000|20.004|0|2024-04-26 15:37:57
4489000|5.3151|0|2024-04-26 15:37:57
4498000|1.2377|1|2024-04-26 15:37:57
4499000|22.1285|1|2024-04-26 15:37:57
4500000|4.0123|1|2024-04-26 15:37:57
4501000|9.7927|1|2024-04-26 15:37:57
4502000|4.0|1|2024-04-26 15:37:57
4492000|0.0723|0|2024-04-26 15:38:02
4491000|0.4437|0|2024-04-26 15:38:02
4490000|2.3248|0|2024-04-26 15:38:02
4489000|0.7321|0|2024-04-26 15:38:02
4488000|10.6014|0|2024-04-26 15:38:02
4495000|15.0|1|2024-04-26 15:38:02
4497000|3.1021|1|2024-04-26 15:38:02
4498000|11.0705|1|2024-04-26 15:38:02
4499000|4.4364|1|2024-04-26 15:38:02
4500000|4.0123|1|2024-04-26 15:38:02
4492000|0.0703|0|2024-04-26 15:38:07
4491000|2.3104|0|2024-04-26 15:38:07
4490000|6.2893|0|2024-04-26 15:38:07
4489000|0.7271|0|2024-04-26 15:38:07
4488000|14.1914|0|2024-04-26 15:38:07
4495000|19.5866|1|2024-04-26 15:38:07
4496000|3.4465|1|2024-04-26 15:38:07
4497000|4.1021|1|2024-04-26 15:38:07
4498000|9.3107|1|2024-04-26 15:38:07
4499000|4.4364|1|2024-04-26 15:38:07
4492000|0.0703|0|2024-04-26 15:38:12
4491000|2.6646|0|2024-04-26 15:38:12
4490000|5.9352|0|2024-04-26 15:38:12
4489000|0.7271|0|2024-04-26 15:38:12
4488000|14.1984|0|2024-04-26 15:38:12
4495000|19.5866|1|2024-04-26 15:38:12
4496000|3.4465|1|2024-04-26 15:38:12
4497000|4.1021|1|2024-04-26 15:38:12
4498000|8.0365|1|2024-04-26 15:38:12
4499000|4.4364|1|2024-04-26 15:38:12
4492000|0.0703|0|2024-04-26 15:38:17
4491000|2.6646|0|2024-04-26 15:38:17
4490000|5.9352|0|2024-04-26 15:38:17
4489000|0.7271|0|2024-04-26 15:38:17
4488000|14.1984|0|2024-04-26 15:38:17
4495000|19.5866|1|2024-04-26 15:38:17
4496000|3.4465|1|2024-04-26 15:38:17
4497000|4.1021|1|2024-04-26 15:38:17
4498000|8.0365|1|2024-04-26 15:38:17
4499000|4.4364|1|2024-04-26 15:38:17
4492000|0.0703|0|2024-04-26 15:38:22
4491000|0.4439|0|2024-04-26 15:38:22
4490000|8.1569|0|2024-04-26 15:38:22
4489000|0.7271|0|2024-04-26 15:38:22
4488000|14.1984|0|2024-04-26 15:38:22
4494000|3.59|1|2024-04-26 15:38:22
4495000|15.9966|1|2024-04-26 15:38:22
4496000|7.0365|1|2024-04-26 15:38:22
4497000|4.1021|1|2024-04-26 15:38:22
4498000|9.7965|1|2024-04-26 15:38:22
4491000|0.0749|0|2024-04-26 15:38:27
4490000|3.5699|0|2024-04-26 15:38:27
4489000|0.7271|0|2024-04-26 15:38:27
4488000|10.1542|0|2024-04-26 15:38:27
4487000|0.0368|0|2024-04-26 15:38:27
4492000|0.0443|1|2024-04-26 15:38:27
4494000|4.0046|1|2024-04-26 15:38:27
4495000|4.1021|1|2024-04-26 15:38:27
4496000|5.7213|1|2024-04-26 15:38:27
4497000|7.59|1|2024-04-26 15:38:27
4491000|0.0675|0|2024-04-26 15:38:32
4490000|3.2135|0|2024-04-26 15:38:32
4489000|1.079|0|2024-04-26 15:38:32
4488000|13.7422|0|2024-04-26 15:38:32
4487000|0.0298|0|2024-04-26 15:38:32
4492000|0.0443|1|2024-04-26 15:38:32
4495000|19.1021|1|2024-04-26 15:38:32
4496000|8.0365|1|2024-04-26 15:38:32
4497000|7.59|1|2024-04-26 15:38:32
4498000|4.4465|1|2024-04-26 15:38:32
4491000|0.0675|0|2024-04-26 15:38:37
4490000|7.1596|0|2024-04-26 15:38:37
4489000|4.3171|0|2024-04-26 15:38:37
4488000|11.4283|0|2024-04-26 15:38:37
4487000|15.0368|0|2024-04-26 15:38:37
4492000|0.0019|1|2024-04-26 15:38:37
4496000|19.4465|1|2024-04-26 15:38:37
4497000|4.0|1|2024-04-26 15:38:37
4498000|4.4465|1|2024-04-26 15:38:37
4499000|2.7105|1|2024-04-26 15:38:37
4490000|7.1576|0|2024-04-26 15:38:42
4489000|5.5891|0|2024-04-26 15:38:42
4488000|10.1522|0|2024-04-26 15:38:42
4487000|15.0654|0|2024-04-26 15:38:42
4486000|1.4429|0|2024-04-26 15:38:42
4491000|4.1659|1|2024-04-26 15:38:42
4492000|0.0019|1|2024-04-26 15:38:42
4495000|1.0069|1|2024-04-26 15:38:42
4496000|18.4465|1|2024-04-26 15:38:42
4497000|4.0|1|2024-04-26 15:38:42
4491000|3.3131|0|2024-04-26 15:38:47
4490000|8.5279|0|2024-04-26 15:38:47
4489000|2.0011|0|2024-04-26 15:38:47
4488000|10.1542|0|2024-04-26 15:38:47
4487000|15.0724|0|2024-04-26 15:38:47
4492000|0.0019|1|2024-04-26 15:38:47
4495000|1.0069|1|2024-04-26 15:38:47
4496000|19.0365|1|2024-04-26 15:38:47
4497000|4.0|1|2024-04-26 15:38:47
4498000|8.0365|1|2024-04-26 15:38:47
4490000|8.5279|0|2024-04-26 15:38:52
4489000|2.0011|0|2024-04-26 15:38:52
4488000|10.1542|0|2024-04-26 15:38:52
4487000|16.0724|0|2024-04-26 15:38:52
4486000|1.4429|0|2024-04-26 15:38:52
4492000|0.0019|1|2024-04-26 15:38:52
4495000|1.0069|1|2024-04-26 15:38:52
4496000|15.4465|1|2024-04-26 15:38:52
4497000|6.59|1|2024-04-26 15:38:52
4498000|8.0365|1|2024-04-26 15:38:52
4490000|10.7501|0|2024-04-26 15:38:57
4489000|2.0011|0|2024-04-26 15:38:57
4488000|10.1542|0|2024-04-26 15:38:57
4487000|16.0724|0|2024-04-26 15:38:57
4486000|1.4429|0|2024-04-26 15:38:57
4492000|0.0019|1|2024-04-26 15:38:57
4495000|1.0069|1|2024-04-26 15:38:57
4496000|19.0365|1|2024-04-26 15:38:57
4497000|3.0|1|2024-04-26 15:38:57
4498000|8.0365|1|2024-04-26 15:38:57
4490000|4.5838|0|2024-04-26 15:39:02
4489000|3.3049|0|2024-04-26 15:39:02
4488000|15.0182|0|2024-04-26 15:39:02
4487000|0.0724|0|2024-04-26 15:39:02
4486000|1.4429|0|2024-04-26 15:39:02
4492000|0.0019|1|2024-04-26 15:39:02
4495000|1.3683|1|2024-04-26 15:39:02
4496000|15.4465|1|2024-04-26 15:39:02
4497000|4.0|1|2024-04-26 15:39:02
4498000|8.0365|1|2024-04-26 15:39:02
4490000|1.0539|0|2024-04-26 15:39:07
4489000|4.3156|0|2024-04-26 15:39:07
4488000|14.0982|0|2024-04-26 15:39:07
4487000|1.3468|0|2024-04-26 15:39:07
4486000|15.4429|0|2024-04-26 15:39:07
4492000|0.0019|1|2024-04-26 15:39:07
4494000|3.3586|1|2024-04-26 15:39:07
4495000|15.0|1|2024-04-26 15:39:07
4496000|8.0365|1|2024-04-26 15:39:07
4497000|4.0|1|2024-04-26 15:39:07
4487000|2.2956|0|2024-04-26 15:39:12
4486000|3.9641|0|2024-04-26 15:39:12
4485000|1.4132|0|2024-04-26 15:39:12
4484000|15.0818|0|2024-04-26 15:39:12
4483000|2.1708|0|2024-04-26 15:39:12
4488000|2.7809|1|2024-04-26 15:39:12
4491000|1.069|1|2024-04-26 15:39:12
4492000|15.0019|1|2024-04-26 15:39:12
4493000|3.4249|1|2024-04-26 15:39:12
4494000|7.59|1|2024-04-26 15:39:12
4488000|2.4375|0|2024-04-26 15:39:17
4487000|5.4044|0|2024-04-26 15:39:17
4486000|3.61|0|2024-04-26 15:39:17
4485000|1.4132|0|2024-04-26 15:39:17
4484000|0.0818|0|2024-04-26 15:39:17
4489000|8.6837|1|2024-04-26 15:39:17
4492000|15.0019|1|2024-04-26 15:39:17
4493000|7.0149|1|2024-04-26 15:39:17
4494000|4.0|1|2024-04-26 15:39:17
4495000|8.0316|1|2024-04-26 15:39:17
4488000|2.4372|0|2024-04-26 15:39:22
4487000|5.4064|0|2024-04-26 15:39:22
4486000|3.612|0|2024-04-26 15:39:22
4485000|1.4152|0|2024-04-26 15:39:22
4484000|0.0888|0|2024-04-26 15:39:22
4489000|7.7728|1|2024-04-26 15:39:22
4492000|15.0019|1|2024-04-26 15:39:22
4493000|7.0149|1|2024-04-26 15:39:22
4494000|4.0|1|2024-04-26 15:39:22
4495000|8.0316|1|2024-04-26 15:39:22
4488000|0.2024|0|2024-04-26 15:39:27
4487000|4.0115|0|2024-04-26 15:39:27
4486000|3.612|0|2024-04-26 15:39:27
4485000|1.413|0|2024-04-26 15:39:27
4484000|0.0818|0|2024-04-26 15:39:27
4489000|7.6762|1|2024-04-26 15:39:27
4492000|15.0019|1|2024-04-26 15:39:27
4493000|7.0149|1|2024-04-26 15:39:27
4494000|4.0|1|2024-04-26 15:39:27
4495000|8.0316|1|2024-04-26 15:39:27
4488000|0.1999|0|2024-04-26 15:39:32
4487000|9.8259|0|2024-04-26 15:39:32
4486000|1.2967|0|2024-04-26 15:39:32
4485000|0.1412|0|2024-04-26 15:39:32
4484000|0.0888|0|2024-04-26 15:39:32
4489000|7.1375|1|2024-04-26 15:39:32
4492000|15.0019|1|2024-04-26 15:39:32
4493000|7.0149|1|2024-04-26 15:39:32
4494000|4.0|1|2024-04-26 15:39:32
4495000|8.0316|1|2024-04-26 15:39:32
4488000|0.2011|0|2024-04-26 15:39:37
4487000|6.2918|0|2024-04-26 15:39:37
4486000|1.2967|0|2024-04-26 15:39:37
4485000|0.1412|0|2024-04-26 15:39:37
4484000|0.0888|0|2024-04-26 15:39:37
4489000|5.1005|1|2024-04-26 15:39:37
4492000|15.0019|1|2024-04-26 15:39:37
4493000|3.4249|1|2024-04-26 15:39:37
4494000|4.0|1|2024-04-26 15:39:37
4495000|4.4416|1|2024-04-26 15:39:37
4488000|0.5527|0|2024-04-26 15:39:42
4487000|5.9362|0|2024-04-26 15:39:42
4486000|0.022|0|2024-04-26 15:39:42
4485000|0.1412|0|2024-04-26 15:39:42
4484000|0.0888|0|2024-04-26 15:39:42
4489000|4.1695|1|2024-04-26 15:39:42
4492000|0.8238|1|2024-04-26 15:39:42
4493000|18.4249|1|2024-04-26 15:39:42
4494000|4.0|1|2024-04-26 15:39:42
4495000|4.4416|1|2024-04-26 15:39:42
4488000|1.8279|0|2024-04-26 15:39:47
4487000|5.9382|0|2024-04-26 15:39:47
4486000|0.022|0|2024-04-26 15:39:47
4485000|0.1412|0|2024-04-26 15:39:47
4484000|0.0888|0|2024-04-26 15:39:47
4489000|1.4549|1|2024-04-26 15:39:47
4492000|0.8238|1|2024-04-26 15:39:47
4493000|18.4249|1|2024-04-26 15:39:47
4494000|4.0|1|2024-04-26 15:39:47
4495000|4.4416|1|2024-04-26 15:39:47
4488000|1.5962|0|2024-04-26 15:39:52
4487000|5.9362|0|2024-04-26 15:39:52
4486000|0.02|0|2024-04-26 15:39:52
4485000|0.1392|0|2024-04-26 15:39:52
4484000|0.4362|0|2024-04-26 15:39:52
4489000|0.1793|1|2024-04-26 15:39:52
4492000|0.8238|1|2024-04-26 15:39:52
4493000|18.4249|1|2024-04-26 15:39:52
4494000|4.0|1|2024-04-26 15:39:52
4495000|4.4416|1|2024-04-26 15:39:52
4489000|0.002|0|2024-04-26 15:39:57
4488000|0.3216|0|2024-04-26 15:39:57
4487000|5.9382|0|2024-04-26 15:39:57
4486000|0.022|0|2024-04-26 15:39:57
4485000|0.5852|0|2024-04-26 15:39:57
4492000|0.8219|1|2024-04-26 15:39:57
4493000|18.4249|1|2024-04-26 15:39:57
4494000|4.1021|1|2024-04-26 15:39:57
4495000|4.4416|1|2024-04-26 15:39:57
4496000|4.4465|1|2024-04-26 15:39:57
4489000|1.2767|0|2024-04-26 15:40:02
4488000|1.8954|0|2024-04-26 15:40:02
4487000|6.2907|0|2024-04-26 15:40:02
4486000|10.02|0|2024-04-26 15:40:02
4485000|0.5832|0|2024-04-26 15:40:02
4493000|17.9401|1|2024-04-26 15:40:02
4494000|4.1021|1|2024-04-26 15:40:02
4495000|4.4416|1|2024-04-26 15:40:02
4496000|4.4465|1|2024-04-26 15:40:02
4497000|4.0|1|2024-04-26 15:40:02
4489000|1.2747|0|2024-04-26 15:40:07
4488000|2.2496|0|2024-04-26 15:40:07
4487000|5.938|0|2024-04-26 15:40:07
4486000|10.022|0|2024-04-26 15:40:07
4485000|4.1752|0|2024-04-26 15:40:07
4493000|17.8847|1|2024-04-26 15:40:07
4494000|4.1021|1|2024-04-26 15:40:07
4495000|4.4416|1|2024-04-26 15:40:07
4496000|4.4465|1|2024-04-26 15:40:07
4497000|4.0|1|2024-04-26 15:40:07
4489000|1.2747|0|2024-04-26 15:40:12
4488000|1.8954|0|2024-04-26 15:40:12
4487000|6.2925|0|2024-04-26 15:40:12
4486000|0.022|0|2024-04-26 15:40:12
4485000|4.1752|0|2024-04-26 15:40:12
4493000|17.732|1|2024-04-26 15:40:12
4494000|4.1021|1|2024-04-26 15:40:12
4495000|6.6648|1|2024-04-26 15:40:12
4496000|4.4465|1|2024-04-26 15:40:12
4497000|4.0|1|2024-04-26 15:40:12
4490000|0.9934|0|2024-04-26 15:40:17
4489000|1.2843|0|2024-04-26 15:40:17
4488000|1.8902|0|2024-04-26 15:40:17
4487000|5.938|0|2024-04-26 15:40:17
4486000|0.3768|0|2024-04-26 15:40:17
4493000|17.732|1|2024-04-26 15:40:17
4494000|4.0|1|2024-04-26 15:40:17
4495000|6.7669|1|2024-04-26 15:40:17
4496000|4.4465|1|2024-04-26 15:40:17
4497000|4.0|1|2024-04-26 15:40:17
4490000|0.9877|0|2024-04-26 15:40:22
4489000|1.2843|0|2024-04-26 15:40:22
4488000|2.7684|0|2024-04-26 15:40:22
4487000|3.7148|0|2024-04-26 15:40:22
4486000|0.3768|0|2024-04-26 15:40:22
4493000|17.732|1|2024-04-26 15:40:22
4494000|4.0|1|2024-04-26 15:40:22
4495000|6.7669|1|2024-04-26 15:40:22
4496000|4.4465|1|2024-04-26 15:40:22
4497000|4.0|1|2024-04-26 15:40:22
4490000|0.9877|0|2024-04-26 15:40:27
4489000|0.0096|0|2024-04-26 15:40:27
4488000|4.0808|0|2024-04-26 15:40:27
4487000|3.7148|0|2024-04-26 15:40:27
4486000|0.022|0|2024-04-26 15:40:27
4492000|1.0009|1|2024-04-26 15:40:27
4494000|19.0|1|2024-04-26 15:40:27
4495000|6.7674|1|2024-04-26 15:40:27
4496000|4.4465|1|2024-04-26 15:40:27
4497000|4.0|1|2024-04-26 15:40:27
4490000|2.2621|0|2024-04-26 15:40:32
4489000|1.3551|0|2024-04-26 15:40:32
4488000|3.123|0|2024-04-26 15:40:32
4487000|3.737|0|2024-04-26 15:40:32
4486000|0.022|0|2024-04-26 15:40:32
4492000|0.9645|1|2024-04-26 15:40:32
4494000|19.0|1|2024-04-26 15:40:32
4495000|6.7674|1|2024-04-26 15:40:32
4496000|4.4465|1|2024-04-26 15:40:32
4497000|4.0|1|2024-04-26 15:40:32
4490000|0.9877|0|2024-04-26 15:40:37
4489000|1.2841|0|2024-04-26 15:40:37
4488000|4.468|0|2024-04-26 15:40:37
4487000|3.737|0|2024-04-26 15:40:37
4486000|0.02|0|2024-04-26 15:40:37
4492000|0.9645|1|2024-04-26 15:40:37
4494000|19.0|1|2024-04-26 15:40:37
4495000|4.5437|1|2024-04-26 15:40:37
4496000|4.4465|1|2024-04-26 15:40:37
4497000|4.0|1|2024-04-26 15:40:37
4490000|0.9877|0|2024-04-26 15:40:42
4489000|1.3064|0|2024-04-26 15:40:42
4488000|4.468|0|2024-04-26 15:40:42
4487000|3.737|0|2024-04-26 15:40:42
4486000|0.022|0|2024-04-26 15:40:42
4492000|0.9645|1|2024-04-26 15:40:42
4494000|19.0|1|2024-04-26 15:40:42
4495000|4.5437|1|2024-04-26 15:40:42
4496000|4.4465|1|2024-04-26 15:40:42
4497000|4.0|1|2024-04-26 15:40:42
4490000|0.9877|0|2024-04-26 15:40:47
4489000|1.3064|0|2024-04-26 15:40:47
4488000|4.468|0|2024-04-26 15:40:47
4487000|7.327|0|2024-04-26 15:40:47
4486000|3.4627|0|2024-04-26 15:40:47
4494000|16.7375|1|2024-04-26 15:40:47
4495000|6.7674|1|2024-04-26 15:40:47
4496000|4.4465|1|2024-04-26 15:40:47
4497000|4.0|1|2024-04-26 15:40:47
4498000|1.4465|1|2024-04-26 15:40:47
4490000|0.9877|0|2024-04-26 15:40:52
4489000|1.3064|0|2024-04-26 15:40:52
4488000|4.468|0|2024-04-26 15:40:52
4487000|7.329|0|2024-04-26 15:40:52
4486000|3.4647|0|2024-04-26 15:40:52
4494000|16.6932|1|2024-04-26 15:40:52
4495000|4.5437|1|2024-04-26 15:40:52
4496000|6.6702|1|2024-04-26 15:40:52
4497000|4.0|1|2024-04-26 15:40:52
4498000|1.4465|1|2024-04-26 15:40:52
4490000|3.6238|0|2024-04-26 15:40:57
4489000|2.6096|0|2024-04-26 15:40:57
4488000|15.5447|0|2024-04-26 15:40:57
4487000|7.327|0|2024-04-26 15:40:57
4486000|3.4627|0|2024-04-26 15:40:57
4494000|0.6932|1|2024-04-26 15:40:57
4495000|19.0|1|2024-04-26 15:40:57
4496000|4.4465|1|2024-04-26 15:40:57
4497000|4.0|1|2024-04-26 15:40:57
4498000|1.4465|1|2024-04-26 15:40:57
4490000|2.3496|0|2024-04-26 15:41:02
4489000|2.6101|0|2024-04-26 15:41:02
4488000|0.5447|0|2024-04-26 15:41:02
4487000|22.329|0|2024-04-26 15:41:02
4486000|3.4647|0|2024-04-26 15:41:02
4494000|0.6932|1|2024-04-26 15:41:02
4495000|19.0|1|2024-04-26 15:41:02
4496000|4.4465|1|2024-04-26 15:41:02
4497000|4.0|1|2024-04-26 15:41:02
4498000|1.4465|1|2024-04-26 15:41:02
4490000|2.5804|0|2024-04-26 15:41:07
4489000|1.7479|0|2024-04-26 15:41:07
4488000|2.7684|0|2024-04-26 15:41:07
4487000|22.327|0|2024-04-26 15:41:07
4486000|3.4647|0|2024-04-26 15:41:07
4494000|0.6909|1|2024-04-26 15:41:07
4495000|19.0|1|2024-04-26 15:41:07
4496000|4.4465|1|2024-04-26 15:41:07
4497000|4.0|1|2024-04-26 15:41:07
4498000|1.4465|1|2024-04-26 15:41:07
4490000|0.8429|0|2024-04-26 15:41:12
4489000|1.3916|0|2024-04-26 15:41:12
4488000|0.5447|0|2024-04-26 15:41:12
4487000|3.737|0|2024-04-26 15:41:12
4486000|22.0547|0|2024-04-26 15:41:12
4494000|0.6909|1|2024-04-26 15:41:12
4495000|19.0|1|2024-04-26 15:41:12
4496000|4.5486|1|2024-04-26 15:41:12
4497000|4.0|1|2024-04-26 15:41:12
4498000|1.4465|1|2024-04-26 15:41:12
4490000|0.8429|0|2024-04-26 15:41:17
4489000|1.746|0|2024-04-26 15:41:17
4488000|2.7669|0|2024-04-26 15:41:17
4487000|3.737|0|2024-04-26 15:41:17
4486000|22.0527|0|2024-04-26 15:41:17
4494000|1.8471|1|2024-04-26 15:41:17
4495000|19.0|1|2024-04-26 15:41:17
4496000|4.5486|1|2024-04-26 15:41:17
4497000|4.0|1|2024-04-26 15:41:17
4498000|1.4465|1|2024-04-26 15:41:17
4490000|0.5322|0|2024-04-26 15:41:22
4489000|8.5716|0|2024-04-26 15:41:22
4488000|2.7669|0|2024-04-26 15:41:22
4487000|0.147|0|2024-04-26 15:41:22
4486000|18.4627|0|2024-04-26 15:41:22
4494000|2.8471|1|2024-04-26 15:41:22
4495000|19.0|1|2024-04-26 15:41:22
4496000|4.5486|1|2024-04-26 15:41:22
4497000|4.0|1|2024-04-26 15:41:22
4498000|1.4465|1|2024-04-26 15:41:22
4490000|0.5322|0|2024-04-26 15:41:27
4489000|7.2038|0|2024-04-26 15:41:27
4488000|1.8195|0|2024-04-26 15:41:27
4487000|4.0917|0|2024-04-26 15:41:27
4486000|18.4627|0|2024-04-26 15:41:27
4494000|2.8471|1|2024-04-26 15:41:27
4495000|19.0|1|2024-04-26 15:41:27
4496000|4.5486|1|2024-04-26 15:41:27
4497000|4.0|1|2024-04-26 15:41:27
4498000|5.0365|1|2024-04-26 15:41:27
4490000|0.7439|0|2024-04-26 15:41:32
4489000|0.0341|0|2024-04-26 15:41:32
4488000|5.4019|0|2024-04-26 15:41:32
4487000|4.0917|0|2024-04-26 15:41:32
4486000|19.0527|0|2024-04-26 15:41:32
4493000|3.0|1|2024-04-26 15:41:32
4494000|2.8471|1|2024-04-26 15:41:32
4495000|19.0|1|2024-04-26 15:41:32
4496000|4.5486|1|2024-04-26 15:41:32
4497000|4.0|1|2024-04-26 15:41:32
4490000|1.3339|0|2024-04-26 15:41:37
4489000|0.0341|0|2024-04-26 15:41:37
4488000|4.1338|0|2024-04-26 15:41:37
4487000|0.147|0|2024-04-26 15:41:37
4486000|8.0037|0|2024-04-26 15:41:37
4493000|3.0|1|2024-04-26 15:41:37
4494000|2.8471|1|2024-04-26 15:41:37
4495000|19.0|1|2024-04-26 15:41:37
4496000|4.5486|1|2024-04-26 15:41:37
4497000|4.0|1|2024-04-26 15:41:37
4490000|1.3339|0|2024-04-26 15:41:42
4489000|0.0341|0|2024-04-26 15:41:42
4488000|5.4088|0|2024-04-26 15:41:42
4487000|0.5012|0|2024-04-26 15:41:42
4486000|4.0593|0|2024-04-26 15:41:42
4493000|3.0|1|2024-04-26 15:41:42
4494000|2.8471|1|2024-04-26 15:41:42
4495000|19.0|1|2024-04-26 15:41:42
4496000|4.5486|1|2024-04-26 15:41:42
4497000|4.0|1|2024-04-26 15:41:42
4490000|1.3316|0|2024-04-26 15:41:47
4489000|4.9838|0|2024-04-26 15:41:47
4488000|6.3641|0|2024-04-26 15:41:47
4487000|0.5012|0|2024-04-26 15:41:47
4486000|0.4693|0|2024-04-26 15:41:47
4493000|3.0|1|2024-04-26 15:41:47
4494000|2.8471|1|2024-04-26 15:41:47
4495000|19.0|1|2024-04-26 15:41:47
4496000|4.5486|1|2024-04-26 15:41:47
4497000|4.0|1|2024-04-26 15:41:47
4490000|1.3316|0|2024-04-26 15:41:52
4489000|0.0341|0|2024-04-26 15:41:52
4488000|5.4086|0|2024-04-26 15:41:52
4487000|0.5012|0|2024-04-26 15:41:52
4486000|4.0593|0|2024-04-26 15:41:52
4493000|3.0|1|2024-04-26 15:41:52
4494000|2.8471|1|2024-04-26 15:41:52
4495000|19.0|1|2024-04-26 15:41:52
4496000|4.5486|1|2024-04-26 15:41:52
4497000|4.0|1|2024-04-26 15:41:52
4490000|1.3316|0|2024-04-26 15:41:57
4489000|1.3938|0|2024-04-26 15:41:57
4488000|9.9541|0|2024-04-26 15:41:57
4487000|0.5012|0|2024-04-26 15:41:57
4486000|0.4693|0|2024-04-26 15:41:57
4493000|2.9418|1|2024-04-26 15:41:57
4494000|2.8471|1|2024-04-26 15:41:57
4495000|19.0|1|2024-04-26 15:41:57
4496000|4.5486|1|2024-04-26 15:41:57
4497000|4.0|1|2024-04-26 15:41:57
4490000|1.3336|0|2024-04-26 15:42:02
4489000|1.3938|0|2024-04-26 15:42:02
4488000|6.3641|0|2024-04-26 15:42:02
4487000|4.0912|0|2024-04-26 15:42:02
4486000|0.4713|0|2024-04-26 15:42:02
4493000|2.9418|1|2024-04-26 15:42:02
4494000|2.8471|1|2024-04-26 15:42:02
4495000|19.0|1|2024-04-26 15:42:02
4496000|4.5486|1|2024-04-26 15:42:02
4497000|4.0|1|2024-04-26 15:42:02
4490000|1.3336|0|2024-04-26 15:42:07
4489000|2.2568|0|2024-04-26 15:42:07
4488000|1.9111|0|2024-04-26 15:42:07
4487000|5.0121|0|2024-04-26 15:42:07
4486000|4.4138|0|2024-04-26 15:42:07
4493000|17.757|1|2024-04-26 15:42:07
4494000|1.6909|1|2024-04-26 15:42:07
4495000|4.0|1|2024-04-26 15:42:07
4496000|4.5486|1|2024-04-26 15:42:07
4497000|7.59|1|2024-04-26 15:42:07
4490000|1.3336|0|2024-04-26 15:42:12
4489000|2.2568|0|2024-04-26 15:42:12
4488000|9.0911|0|2024-04-26 15:42:12
4487000|1.7763|0|2024-04-26 15:42:12
4486000|0.4693|0|2024-04-26 15:42:12
4493000|17.757|1|2024-04-26 15:42:12
4494000|1.6909|1|2024-04-26 15:42:12
4495000|7.59|1|2024-04-26 15:42:12
4496000|8.1386|1|2024-04-26 15:42:12
4497000|4.0|1|2024-04-26 15:42:12
4490000|1.3336|0|2024-04-26 15:42:17
4489000|2.2568|0|2024-04-26 15:42:17
4488000|9.0911|0|2024-04-26 15:42:17
4487000|1.7763|0|2024-04-26 15:42:17
4486000|0.4693|0|2024-04-26 15:42:17
4493000|17.757|1|2024-04-26 15:42:17
4494000|1.6909|1|2024-04-26 15:42:17
4495000|7.59|1|2024-04-26 15:42:17
4496000|8.1386|1|2024-04-26 15:42:17
4497000|4.0|1|2024-04-26 15:42:17
4490000|1.3403|0|2024-04-26 15:42:22
4489000|2.2568|0|2024-04-26 15:42:22
4488000|9.0911|0|2024-04-26 15:42:22
4487000|1.7763|0|2024-04-26 15:42:22
4486000|0.4693|0|2024-04-26 15:42:22
4493000|17.757|1|2024-04-26 15:42:22
4494000|5.2809|1|2024-04-26 15:42:22
4495000|4.0|1|2024-04-26 15:42:22
4496000|8.1386|1|2024-04-26 15:42:22
4497000|5.2752|1|2024-04-26 15:42:22
4490000|1.3403|0|2024-04-26 15:42:27
4489000|0.0341|0|2024-04-26 15:42:27
4488000|11.3138|0|2024-04-26 15:42:27
4487000|0.147|0|2024-04-26 15:42:27
4486000|0.8235|0|2024-04-26 15:42:27
4493000|17.757|1|2024-04-26 15:42:27
4494000|5.2809|1|2024-04-26 15:42:27
4495000|4.0|1|2024-04-26 15:42:27
4496000|8.1386|1|2024-04-26 15:42:27
4497000|5.9177|1|2024-04-26 15:42:27
4490000|1.3403|0|2024-04-26 15:42:32
4489000|0.0341|0|2024-04-26 15:42:32
4488000|5.5011|0|2024-04-26 15:42:32
4487000|0.147|0|2024-04-26 15:42:32
4486000|5.3348|0|2024-04-26 15:42:32
4493000|18.5904|1|2024-04-26 15:42:32
4494000|1.6909|1|2024-04-26 15:42:32
4495000|7.59|1|2024-04-26 15:42:32
4496000|8.1386|1|2024-04-26 15:42:32
4497000|5.918|1|2024-04-26 15:42:32
4490000|1.3403|0|2024-04-26 15:42:37
4489000|0.0341|0|2024-04-26 15:42:37
4488000|1.9111|0|2024-04-26 15:42:37
4487000|7.327|0|2024-04-26 15:42:37
4486000|0.824|0|2024-04-26 15:42:37
4492000|3.0|1|2024-04-26 15:42:37
4493000|22.1804|1|2024-04-26 15:42:37
4494000|1.6909|1|2024-04-26 15:42:37
4495000|4.4381|1|2024-04-26 15:42:37
4496000|9.3121|1|2024-04-26 15:42:37
4489000|0.0341|0|2024-04-26 15:42:42
4488000|0.5514|0|2024-04-26 15:42:42
4487000|0.147|0|2024-04-26 15:42:42
4486000|0.0266|0|2024-04-26 15:42:42
4485000|5.9979|0|2024-04-26 15:42:42
4490000|4.5272|1|2024-04-26 15:42:42
4491000|1.1566|1|2024-04-26 15:42:42
4492000|4.0|1|2024-04-26 15:42:42
4493000|19.0111|1|2024-04-26 15:42:42
4494000|2.3444|1|2024-04-26 15:42:42
4489000|0.0341|0|2024-04-26 15:42:47
4488000|0.5514|0|2024-04-26 15:42:47
4487000|0.147|0|2024-04-26 15:42:47
4486000|3.971|0|2024-04-26 15:42:47
4485000|5.6415|0|2024-04-26 15:42:47
4490000|4.0829|1|2024-04-26 15:42:47
4491000|1.1566|1|2024-04-26 15:42:47
4492000|7.59|1|2024-04-26 15:42:47
4493000|22.6011|1|2024-04-26 15:42:47
4494000|2.3444|1|2024-04-26 15:42:47
4489000|0.0341|0|2024-04-26 15:42:52
4488000|0.5514|0|2024-04-26 15:42:52
4487000|0.147|0|2024-04-26 15:42:52
4486000|5.3349|0|2024-04-26 15:42:52
4485000|4.2818|0|2024-04-26 15:42:52
4490000|4.0806|1|2024-04-26 15:42:52
4491000|1.1566|1|2024-04-26 15:42:52
4492000|7.59|1|2024-04-26 15:42:52
4493000|22.6011|1|2024-04-26 15:42:52
4494000|2.3444|1|2024-04-26 15:42:52
4489000|0.0341|0|2024-04-26 15:42:57
4488000|0.5514|0|2024-04-26 15:42:57
4487000|0.147|0|2024-04-26 15:42:57
4486000|5.3349|0|2024-04-26 15:42:57
4485000|3.7304|0|2024-04-26 15:42:57
4490000|3.9906|1|2024-04-26 15:42:57
4491000|1.1566|1|2024-04-26 15:42:57
4492000|4.0|1|2024-04-26 15:42:57
4493000|22.6011|1|2024-04-26 15:42:57
4494000|2.0822|1|2024-04-26 15:42:57
4489000|0.0341|0|2024-04-26 15:43:02
4488000|1.1814|0|2024-04-26 15:43:02
4487000|0.147|0|2024-04-26 15:43:02
4486000|1.3905|0|2024-04-26 15:43:02
4485000|7.6752|0|2024-04-26 15:43:02
4490000|3.9906|1|2024-04-26 15:43:02
4491000|4.7466|1|2024-04-26 15:43:02
4492000|4.0|1|2024-04-26 15:43:02
4493000|23.1525|1|2024-04-26 15:43:02
4494000|2.0822|1|2024-04-26 15:43:02
4489000|0.0341|0|2024-04-26 15:43:07
4488000|1.1814|0|2024-04-26 15:43:07
4487000|0.147|0|2024-04-26 15:43:07
4486000|4.9805|0|2024-04-26 15:43:07
4485000|4.5244|0|2024-04-26 15:43:07
4491000|1.1566|1|2024-04-26 15:43:07
4492000|9.8141|1|2024-04-26 15:43:07
4493000|19.0111|1|2024-04-26 15:43:07
4494000|5.383|1|2024-04-26 15:43:07
4495000|5.6195|1|2024-04-26 15:43:07
4489000|0.0341|0|2024-04-26 15:43:12
4488000|1.1814|0|2024-04-26 15:43:12
4487000|0.147|0|2024-04-26 15:43:12
4486000|1.3905|0|2024-04-26 15:43:12
4485000|5.7058|0|2024-04-26 15:43:12
4491000|1.1566|1|2024-04-26 15:43:12
4492000|6.2241|1|2024-04-26 15:43:12
4493000|19.0111|1|2024-04-26 15:43:12
4494000|1.793|1|2024-04-26 15:43:12
4495000|8.0281|1|2024-04-26 15:43:12
4490000|0.2227|0|2024-04-26 15:43:17
4489000|0.0341|0|2024-04-26 15:43:17
4488000|1.1814|0|2024-04-26 15:43:17
4487000|7.327|0|2024-04-26 15:43:17
4486000|16.208|0|2024-04-26 15:43:17
4492000|6.6008|1|2024-04-26 15:43:17
4493000|3.5904|1|2024-04-26 15:43:17
4494000|16.793|1|2024-04-26 15:43:17
4495000|4.4381|1|2024-04-26 15:43:17
4496000|3.4348|1|2024-04-26 15:43:17
4490000|0.2227|0|2024-04-26 15:43:22
4489000|3.6241|0|2024-04-26 15:43:22
4488000|4.7714|0|2024-04-26 15:43:22
4487000|1.3284|0|2024-04-26 15:43:22
4486000|15.381|0|2024-04-26 15:43:22
4492000|3.6008|1|2024-04-26 15:43:22
4493000|3.5904|1|2024-04-26 15:43:22
4494000|1.793|1|2024-04-26 15:43:22
4495000|23.0281|1|2024-04-26 15:43:22
4496000|3.4348|1|2024-04-26 15:43:22
4490000|0.2227|0|2024-04-26 15:43:27
4489000|3.6241|0|2024-04-26 15:43:27
4488000|4.7714|0|2024-04-26 15:43:27
4487000|0.5014|0|2024-04-26 15:43:27
4486000|18.0266|0|2024-04-26 15:43:27
4492000|0.0128|1|2024-04-26 15:43:27
4494000|3.0548|1|2024-04-26 15:43:27
4495000|19.4381|1|2024-04-26 15:43:27
4496000|4.4465|1|2024-04-26 15:43:27
4497000|8.18|1|2024-04-26 15:43:27
4490000|3.8127|0|2024-04-26 15:43:32
4489000|3.6241|0|2024-04-26 15:43:32
4488000|1.1814|0|2024-04-26 15:43:32
4487000|0.5014|0|2024-04-26 15:43:32
4486000|18.0266|0|2024-04-26 15:43:32
4492000|5.0128|1|2024-04-26 15:43:32
4494000|3.0548|1|2024-04-26 15:43:32
4495000|19.4381|1|2024-04-26 15:43:32
4496000|4.4465|1|2024-04-26 15:43:32
4497000|5.2559|1|2024-04-26 15:43:32
4490000|3.8069|0|2024-04-26 15:43:37
4489000|3.6241|0|2024-04-26 15:43:37
4488000|4.6791|0|2024-04-26 15:43:37
4487000|0.5014|0|2024-04-26 15:43:37
4486000|18.4515|0|2024-04-26 15:43:37
4491000|0.081|1|2024-04-26 15:43:37
4492000|5.0128|1|2024-04-26 15:43:37
4493000|1.3639|1|2024-04-26 15:43:37
4494000|0.6909|1|2024-04-26 15:43:37
4495000|4.4381|1|2024-04-26 15:43:37
4491000|0.081|0|2024-04-26 15:43:42
4490000|3.8069|0|2024-04-26 15:43:42
4489000|7.1211|0|2024-04-26 15:43:42
4488000|1.5357|0|2024-04-26 15:43:42
4487000|3.147|0|2024-04-26 15:43:42
4492000|4.854|1|2024-04-26 15:43:42
4494000|1.3639|1|2024-04-26 15:43:42
4495000|4.4381|1|2024-04-26 15:43:42
4496000|23.0365|1|2024-04-26 15:43:42
4497000|4.0|1|2024-04-26 15:43:42
4491000|0.081|0|2024-04-26 15:43:47
4490000|3.8069|0|2024-04-26 15:43:47
4489000|5.8463|0|2024-04-26 15:43:47
4488000|2.8105|0|2024-04-26 15:43:47
4487000|3.147|0|2024-04-26 15:43:47
4492000|4.6505|1|2024-04-26 15:43:47
4494000|1.3639|1|2024-04-26 15:43:47
4495000|4.4381|1|2024-04-26 15:43:47
4496000|23.0365|1|2024-04-26 15:43:47
4497000|4.0|1|2024-04-26 15:43:47
4491000|0.081|0|2024-04-26 15:43:52
4490000|3.8069|0|2024-04-26 15:43:52
4489000|5.8463|0|2024-04-26 15:43:52
4488000|1.5357|0|2024-04-26 15:43:52
4487000|3.147|0|2024-04-26 15:43:52
4492000|4.6475|1|2024-04-26 15:43:52
4494000|1.3639|1|2024-04-26 15:43:52
4495000|4.4381|1|2024-04-26 15:43:52
4496000|23.0365|1|2024-04-26 15:43:52
4497000|4.0|1|2024-04-26 15:43:52
4491000|0.081|0|2024-04-26 15:43:57
4490000|3.8069|0|2024-04-26 15:43:57
4489000|5.8463|0|2024-04-26 15:43:57
4488000|0.9057|0|2024-04-26 15:43:57
4487000|3.147|0|2024-04-26 15:43:57
4492000|4.5778|1|2024-04-26 15:43:57
4494000|1.3639|1|2024-04-26 15:43:57
4495000|4.4381|1|2024-04-26 15:43:57
4496000|23.0365|1|2024-04-26 15:43:57
4497000|4.0|1|2024-04-26 15:43:57
4491000|0.081|0|2024-04-26 15:44:02
4490000|3.8069|0|2024-04-26 15:44:02
4489000|5.8463|0|2024-04-26 15:44:02
4488000|2.1805|0|2024-04-26 15:44:02
4487000|3.147|0|2024-04-26 15:44:02
4492000|4.5778|1|2024-04-26 15:44:02
4494000|1.3639|1|2024-04-26 15:44:02
4495000|4.5402|1|2024-04-26 15:44:02
4496000|23.0365|1|2024-04-26 15:44:02
4497000|4.0|1|2024-04-26 15:44:02
4491000|0.081|0|2024-04-26 15:44:07
4490000|6.0291|0|2024-04-26 15:44:07
4489000|3.6241|0|2024-04-26 15:44:07
4488000|2.1805|0|2024-04-26 15:44:07
4487000|3.147|0|2024-04-26 15:44:07
4492000|4.5778|1|2024-04-26 15:44:07
4494000|1.3639|1|2024-04-26 15:44:07
4495000|4.5402|1|2024-04-26 15:44:07
4496000|23.0365|1|2024-04-26 15:44:07
4497000|4.0|1|2024-04-26 15:44:07
4491000|0.081|0|2024-04-26 15:44:12
4490000|9.6191|0|2024-04-26 15:44:12
4489000|1.3088|0|2024-04-26 15:44:12
4488000|0.9057|0|2024-04-26 15:44:12
4487000|3.147|0|2024-04-26 15:44:12
4492000|4.5778|1|2024-04-26 15:44:12
4494000|1.3639|1|2024-04-26 15:44:12
4495000|4.5402|1|2024-04-26 15:44:12
4496000|23.0365|1|2024-04-26 15:44:12
4497000|4.0|1|2024-04-26 15:44:12
4491000|0.081|0|2024-04-26 15:44:17
4490000|7.3969|0|2024-04-26 15:44:17
4489000|3.531|0|2024-04-26 15:44:17
4488000|0.9057|0|2024-04-26 15:44:17
4487000|3.147|0|2024-04-26 15:44:17
4492000|4.5778|1|2024-04-26 15:44:17
4494000|1.3639|1|2024-04-26 15:44:17
4495000|4.5402|1|2024-04-26 15:44:17
4496000|23.0365|1|2024-04-26 15:44:17
4497000|4.0|1|2024-04-26 15:44:17
4491000|2.3032|0|2024-04-26 15:44:22
4490000|7.3969|0|2024-04-26 15:44:22
4489000|1.3088|0|2024-04-26 15:44:22
4488000|0.9057|0|2024-04-26 15:44:22
4487000|3.147|0|2024-04-26 15:44:22
4492000|4.5778|1|2024-04-26 15:44:22
4494000|1.3639|1|2024-04-26 15:44:22
4495000|4.5402|1|2024-04-26 15:44:22
4496000|23.0365|1|2024-04-26 15:44:22
4497000|4.0|1|2024-04-26 15:44:22
4491000|2.3032|0|2024-04-26 15:44:27
4490000|7.3969|0|2024-04-26 15:44:27
4489000|1.6632|0|2024-04-26 15:44:27
4488000|0.5514|0|2024-04-26 15:44:27
4487000|3.147|0|2024-04-26 15:44:27
4492000|4.498|1|2024-04-26 15:44:27
4494000|1.3639|1|2024-04-26 15:44:27
4495000|4.5402|1|2024-04-26 15:44:27
4496000|23.0365|1|2024-04-26 15:44:27
4497000|4.0|1|2024-04-26 15:44:27
4491000|2.3032|0|2024-04-26 15:44:32
4490000|7.3969|0|2024-04-26 15:44:32
4489000|1.6632|0|2024-04-26 15:44:32
4488000|0.5514|0|2024-04-26 15:44:32
4487000|3.147|0|2024-04-26 15:44:32
4492000|4.296|1|2024-04-26 15:44:32
4494000|1.3639|1|2024-04-26 15:44:32
4495000|3.5402|1|2024-04-26 15:44:32
4496000|23.0365|1|2024-04-26 15:44:32
4497000|4.0|1|2024-04-26 15:44:32
4491000|2.3032|0|2024-04-26 15:44:37
4490000|7.3969|0|2024-04-26 15:44:37
4489000|1.6632|0|2024-04-26 15:44:37
4488000|0.5514|0|2024-04-26 15:44:37
4487000|3.147|0|2024-04-26 15:44:37
4492000|4.029|1|2024-04-26 15:44:37
4494000|1.3639|1|2024-04-26 15:44:37
4495000|3.5402|1|2024-04-26 15:44:37
4496000|23.0365|1|2024-04-26 15:44:37
4497000|4.0|1|2024-04-26 15:44:37
4491000|2.6217|0|2024-04-26 15:44:42
4490000|7.3969|0|2024-04-26 15:44:42
4489000|1.6632|0|2024-04-26 15:44:42
4488000|0.5514|0|2024-04-26 15:44:42
4487000|3.147|0|2024-04-26 15:44:42
4492000|3.6729|1|2024-04-26 15:44:42
4494000|1.3639|1|2024-04-26 15:44:42
4495000|3.5402|1|2024-04-26 15:44:42
4496000|19.4465|1|2024-04-26 15:44:42
4497000|7.59|1|2024-04-26 15:44:42
4491000|0.3995|0|2024-04-26 15:44:47
4490000|9.6191|0|2024-04-26 15:44:47
4489000|1.6632|0|2024-04-26 15:44:47
4488000|0.5514|0|2024-04-26 15:44:47
4487000|3.147|0|2024-04-26 15:44:47
4492000|3.6729|1|2024-04-26 15:44:47
4494000|1.3639|1|2024-04-26 15:44:47
4495000|3.5402|1|2024-04-26 15:44:47
4496000|19.4465|1|2024-04-26 15:44:47
4497000|7.59|1|2024-04-26 15:44:47
4491000|0.3995|0|2024-04-26 15:44:52
4490000|7.3969|0|2024-04-26 15:44:52
4489000|3.8854|0|2024-04-26 15:44:52
4488000|0.5514|0|2024-04-26 15:44:52
4487000|3.147|0|2024-04-26 15:44:52
4492000|3.6729|1|2024-04-26 15:44:52
4494000|1.3639|1|2024-04-26 15:44:52
4495000|3.5402|1|2024-04-26 15:44:52
4496000|19.4465|1|2024-04-26 15:44:52
4497000|7.59|1|2024-04-26 15:44:52
4491000|0.3995|0|2024-04-26 15:44:57
4490000|7.3969|0|2024-04-26 15:44:57
4489000|3.8854|0|2024-04-26 15:44:57
4488000|0.5514|0|2024-04-26 15:44:57
4487000|3.147|0|2024-04-26 15:44:57
4492000|3.0103|1|2024-04-26 15:44:57
4494000|1.3639|1|2024-04-26 15:44:57
4495000|3.5402|1|2024-04-26 15:44:57
4496000|23.0365|1|2024-04-26 15:44:57
4497000|4.0|1|2024-04-26 15:44:57
4491000|0.3995|0|2024-04-26 15:45:02
4490000|7.3969|0|2024-04-26 15:45:02
4489000|3.8854|0|2024-04-26 15:45:02
4488000|0.5514|0|2024-04-26 15:45:02
4487000|3.147|0|2024-04-26 15:45:02
4492000|2.1978|1|2024-04-26 15:45:02
4495000|3.5402|1|2024-04-26 15:45:02
4496000|19.4465|1|2024-04-26 15:45:02
4497000|4.0|1|2024-04-26 15:45:02
4498000|4.4465|1|2024-04-26 15:45:02
4491000|6.298|0|2024-04-26 15:45:07
4490000|3.8069|0|2024-04-26 15:45:07
4489000|3.0341|0|2024-04-26 15:45:07
4488000|18.5514|0|2024-04-26 15:45:07
4487000|3.566|0|2024-04-26 15:45:07
4492000|2.1806|1|2024-04-26 15:45:07
4496000|0.4465|1|2024-04-26 15:45:07
4497000|19.0|1|2024-04-26 15:45:07
4498000|4.4465|1|2024-04-26 15:45:07
4499000|7.59|1|2024-04-26 15:45:07
4493000|3.9083|0|2024-04-26 15:45:12
4492000|4.1819|0|2024-04-26 15:45:12
4491000|5.7869|0|2024-04-26 15:45:12
4490000|3.6401|0|2024-04-26 15:45:12
4489000|3.0341|0|2024-04-26 15:45:12
4498000|19.0|1|2024-04-26 15:45:12
4499000|4.5207|1|2024-04-26 15:45:12
4500000|4.0112|1|2024-04-26 15:45:12
4501000|1.4117|1|2024-04-26 15:45:12
4502000|3.59|1|2024-04-26 15:45:12
4493000|4.5908|0|2024-04-26 15:45:17
4492000|2.2222|0|2024-04-26 15:45:17
4491000|5.7869|0|2024-04-26 15:45:17
4490000|18.6401|0|2024-04-26 15:45:17
4489000|3.0341|0|2024-04-26 15:45:17
4498000|15.0|1|2024-04-26 15:45:17
4499000|4.5207|1|2024-04-26 15:45:17
4500000|4.0112|1|2024-04-26 15:45:17
4501000|4.4117|1|2024-04-26 15:45:17
4502000|0.3533|1|2024-04-26 15:45:17
4496000|3.59|0|2024-04-26 15:45:22
4494000|3.59|0|2024-04-26 15:45:22
4492000|0.7944|0|2024-04-26 15:45:22
4491000|14.2194|0|2024-04-26 15:45:22
4490000|18.6401|0|2024-04-26 15:45:22
4499000|18.0|1|2024-04-26 15:45:22
4500000|4.0112|1|2024-04-26 15:45:22
4501000|4.5138|1|2024-04-26 15:45:22
4502000|1.0|1|2024-04-26 15:45:22
4503000|0.8163|1|2024-04-26 15:45:22
4496000|0.9989|0|2024-04-26 15:45:27
4495000|3.59|0|2024-04-26 15:45:27
4494000|2.2197|0|2024-04-26 15:45:27
4493000|9.1375|0|2024-04-26 15:45:27
4492000|18.4402|0|2024-04-26 15:45:27
4500000|0.0132|1|2024-04-26 15:45:27
4501000|18.0|1|2024-04-26 15:45:27
4502000|7.59|1|2024-04-26 15:45:27
4503000|4.4632|1|2024-04-26 15:45:27
4504000|4.59|1|2024-04-26 15:45:27
4497000|3.59|0|2024-04-26 15:45:32
4496000|0.3181|0|2024-04-26 15:45:32
4494000|0.6806|0|2024-04-26 15:45:32
4493000|9.1368|0|2024-04-26 15:45:32
4492000|18.4402|0|2024-04-26 15:45:32
4500000|0.0132|1|2024-04-26 15:45:32
4501000|18.0|1|2024-04-26 15:45:32
4502000|7.6921|1|2024-04-26 15:45:32
4503000|4.4632|1|2024-04-26 15:45:32
4504000|4.59|1|2024-04-26 15:45:32
4497000|3.59|0|2024-04-26 15:45:37
4495000|3.9081|0|2024-04-26 15:45:37
4494000|2.2187|0|2024-04-26 15:45:37
4493000|8.7833|0|2024-04-26 15:45:37
4492000|18.7939|0|2024-04-26 15:45:37
4500000|0.0132|1|2024-04-26 15:45:37
4501000|21.59|1|2024-04-26 15:45:37
4502000|4.551|1|2024-04-26 15:45:37
4503000|8.0532|1|2024-04-26 15:45:37
4504000|1.3531|1|2024-04-26 15:45:37
4497000|3.59|0|2024-04-26 15:45:42
4495000|3.9081|0|2024-04-26 15:45:42
4494000|3.4918|0|2024-04-26 15:45:42
4493000|8.7833|0|2024-04-26 15:45:42
4492000|18.7939|0|2024-04-26 15:45:42
4500000|0.0132|1|2024-04-26 15:45:42
4501000|21.59|1|2024-04-26 15:45:42
4502000|4.551|1|2024-04-26 15:45:42
4503000|8.4063|1|2024-04-26 15:45:42
4504000|1.0|1|2024-04-26 15:45:42
4497000|3.59|0|2024-04-26 15:45:47
4495000|3.9081|0|2024-04-26 15:45:47
4494000|2.2187|0|2024-04-26 15:45:47
4493000|9.137|0|2024-04-26 15:45:47
4492000|18.4402|0|2024-04-26 15:45:47
4500000|0.0083|1|2024-04-26 15:45:47
4501000|18.0|1|2024-04-26 15:45:47
4502000|8.141|1|2024-04-26 15:45:47
4503000|8.0532|1|2024-04-26 15:45:47
4504000|1.0|1|2024-04-26 15:45:47
4497000|7.18|0|2024-04-26 15:45:52
4496000|1.2726|0|2024-04-26 15:45:52
4495000|0.3181|0|2024-04-26 15:45:52
4494000|3.0|0|2024-04-26 15:45:52
4493000|24.137|0|2024-04-26 15:45:52
4500000|0.0083|1|2024-04-26 15:45:52
4501000|3.0|1|2024-04-26 15:45:52
4502000|19.551|1|2024-04-26 15:45:52
4503000|8.0532|1|2024-04-26 15:45:52
4504000|4.0|1|2024-04-26 15:45:52
4497000|7.1777|0|2024-04-26 15:45:57
4496000|1.2726|0|2024-04-26 15:45:57
4495000|2.5373|0|2024-04-26 15:45:57
4494000|3.0|0|2024-04-26 15:45:57
4493000|24.137|0|2024-04-26 15:45:57
4500000|0.0083|1|2024-04-26 15:45:57
4501000|3.0|1|2024-04-26 15:45:57
4502000|19.551|1|2024-04-26 15:45:57
4503000|8.0532|1|2024-04-26 15:45:57
4504000|4.0|1|2024-04-26 15:45:57
4497000|6.8009|0|2024-04-26 15:46:02
4495000|2.2192|0|2024-04-26 15:46:02
4494000|3.3535|0|2024-04-26 15:46:02
4493000|23.7833|0|2024-04-26 15:46:02
4492000|4.4402|0|2024-04-26 15:46:02
4500000|0.0083|1|2024-04-26 15:46:02
4502000|18.551|1|2024-04-26 15:46:02
4503000|4.4632|1|2024-04-26 15:46:02
4504000|4.0|1|2024-04-26 15:46:02
4505000|4.9951|1|2024-04-26 15:46:02
4497000|6.8009|0|2024-04-26 15:46:07
